2356 3818
124 109 188 172 130
524 109 728 161 ΔΕΔΟΜΕΝΑ,

122 255 231 334 ΒΑΚ,
254 251 309 316 καὶ
327 253 622 338 συμπεπληρώσθω
641 253 678 335 τό
696 256 762 316 ΔΛ
779 254 1138 338 παραλληλόγραμμον.

124 356 192 423 ἐπεὶ
217 359 355 423 δοθείσά
376 358 464 424 ἐστιν
488 357 623 444 ἑκατέρα
645 369 712 423 τῶν
730 358 795 424 ὑπὸ
814 344 924 442 ΔΑΓ,
942 361 1054 442 ΛΚΔ,
1075 356 1150 422 xa?

124 466 221 548 λοιπὴ
241 467 304 551 ἀρα
322 466 342 549 ἡ
360 465 425 530 ὑπὸ
444 476 511 530 τῶν
529 471 594 530 ΑΛ
600 468 634 528 Κ
655 465 723 530 ἐστι
742 466 895 530 δοθεῖσα·
919 463 1050 529 δέδοται
1067 466 1150 550 ἀρε

124 573 161 637 τὸ
185 575 289 636 ΑΛΚ
309 576 472 658 τρίγωνον
495 582 540 660 τῷ
565 572 658 636 είδει·
692 575 789 654 λόγος
812 573 876 657 ἀρα
900 569 970 636 ἐστὶ
991 581 1048 655 τῆς
1064 577 1150 643 A:

89 680 206 765 ὄτρὸς
233 680 293 762 τὴν
316 682 389 743 ΔΚ
413 678 535 753 δοθείς.
580 677 635 743 καλ
663 677 732 743 ἐπεὶ
760 681 858 760 λόγος
886 676 955 743 ἐστὶ
982 686 1041 742 τοῦ
1062 683 1150 745 ΔΙ

123 787 206 870 πρὸς
228 786 266 850 τὸ
286 789 349 848 ΖΘ
372 785 497 860 δοθείς·
520 784 690 849 ὑπόκειται
713 784 789 870 γάρ·
812 787 871 848 καί
887 782 978 848 ἐστιν
1002 790 1072 848 ίσον
1088 789 1145 851 τὸ

124 895 195 956 ΔΓ
223 901 267 978 τῷ
291 895 375 973 ΔΛ,
408 893 505 972 λόγος
532 892 596 975 ἀρα
622 888 677 955 καὶ
704 899 764 954 τοῦ
792 894 857 954 ΔΛ
888 891 972 975 πρὸς
1002 891 1038 956 τὸ
1065 893 1136 954 ΖΘ

125 997 248 1073 δοθείς.
284 1001 342 1061 καί
359 996 448 1060 ἐστιν
468 997 643 1077 ἰσογώνιον
661 997 698 1061 τὸ
713 999 779 1060 ΔΛ
800 1005 847 1082 τῷ
867 1000 940 1079 ΖΘ,
963 994 1018 1060 καὶ
1035 997 1127 1076 λόγος

128 1101 197 1166 έστλ
220 1111 279 1166 τοῦ
303 1105 368 1166 ΔΛ
394 1104 477 1187 πρὸς
498 1103 535 1167 τὸ
559 1106 633 1166 ΕΗ
656 1103 782 1185 δοθείς,
810 1106 869 1167 καί
892 1101 961 1167 ἐστι
987 1111 1041 1186 τῆς
1061 1103 1118 1164 ΔΒ

74 1219 108 1267 10
127 1210 210 1292 πρὸς
232 1210 293 1291 τὴν
313 1212 393 1272 ΖΗ·
417 1208 586 1273 ὑπόκειται
605 1209 681 1294 γάρ·
705 1211 803 1290 λόγος
826 1210 890 1294 ἀρα
914 1206 982 1272 ἐστὶ
1003 1205 1114 1287 καὶτῆς
1148 1246 1150 1251 -

129 1317 201 1378 ΔΚ
220 1315 303 1399 πρὸς
325 1316 385 1397 τὴν
408 1320 471 1378 ΕΖ
495 1315 617 1390 δοθείς.
653 1324 711 1398 τῆς
733 1311 769 1378 δὲ
792 1319 866 1379 ΛΚ
885 1315 969 1400 πρὸς
989 1315 1047 1396 τὴν
1061 1313 1110 1374 ΔΑ

127 1423 224 1502 λόγος
252 1418 320 1484 έστλ
348 1421 474 1496 δοθείς·
511 1419 566 1484 καὶ
597 1429 655 1503 τῆς
682 1426 751 1485 ΑΔ
783 1423 847 1505 ἀρα
873 1421 958 1506 πρὸς
983 1421 1039 1502 τὴν
1062 1417 1107 1480 ΕΖ
1133 1416 1137 1425 ’

127 1529 226 1608 λόγος
249 1525 316 1591 ἐστὶ
340 1528 461 1602 δοθείς.
943 1509 945 1513 ⁵

610 1727 649 1767 0.

77 1837 108 1885 15
193 1826 268 1893 Ἐἀν
296 1829 357 1892 δύο
384 1828 734 1913 παραλληλογράμμων
761 1825 836 1914 περὶ
865 1833 938 1903 ίσας
965 1814 1103 1908 γωνίαςῆ

127 1932 202 2018 περὶ
221 1933 357 2008 ἀνίσους
376 1931 446 2017 μέν,
466 1931 643 2016 δεδομένας
662 1930 708 2015 δέ,
727 1933 763 1996 αί
779 1931 918 2018 πλευραὶ
936 1934 1016 2019 πρὸς
1032 1922 1101 2004 ἀλλά

128 2046 188 2115 λος
211 2043 311 2121 λόγον
339 2042 435 2122 ἔχωσι
465 2037 657 2122 δεδομένον,
683 2036 739 2102 καὶ
762 2038 845 2102 αὐτὰ
867 2039 908 2102 τά
930 2029 1103 2124 παραλληλό

128 2169 260 2229 γραμμα
283 2146 366 2230 πρὸς
392 2148 516 2229 ἀλληλα
540 2148 640 2227 λόγον
663 2143 725 2221 έξει
749 2143 936 2228 δεδομένον.

196 2250 258 2314 δύο
291 2251 353 2334 γὰρ
385 2250 735 2336 παραλληλογράμμων
766 2260 833 2314 τῶν
861 2254 942 2334 ΑΒ,
960 2252 1030 2315 ΕΗ
1052 2235 1104 2325 περὶ

57 2365 110 2414 ’20
130 2361 202 2431 λ’σας
225 2357 347 2437 γωνίας
368 2356 426 2431 τὰς
448 2357 530 2440 πρὸς
552 2368 621 2432 τοῖς
644 2359 681 2438 Γ,
702 2361 729 2419 Ζ
756 2355 776 2438 ἢ
804 2354 879 2441 περὶ
905 2355 1037 2431 ἀνίσους
1055 2346 1104 2436 μέν,

130 2460 307 2546 δεδομένας
326 2460 381 2555 δέ,
411 2464 448 2526 αί
467 2461 606 2549 πλευραὶ
629 2463 711 2547 πρὸς
735 2461 877 2545 ἀλλήλας
899 2465 1000 2544 λόγον
1020 2455 1105 2543 έγέτυ

130 2585 193 2633 σαν
213 2567 401 2653 δεδομένον,
424 2568 571 2634 τουτέστι
595 2571 692 2650 λόγος
714 2571 795 2632 ἔστω
816 2577 874 2651 τῆς
891 2564 952 2652 μὲν
966 2570 1032 2633 ΑΓ
1047 2561 1107 2649 πρὸς

129 2677 189 2759 τὴν
212 2681 275 2740 ΕΖ
299 2665 503 2760 δοθείςςτῆς
526 2671 563 2738 δέ
581 2678 648 2739 ΒΓ
665 2675 748 2760 πρὸς
771 2676 831 2758 τὴν
857 2678 939 2737 ΖΗ·
968 2675 1055 2758 λέγω,
1073 2667 1108 2733 ὅτι
1147 2700 1150 2763 γ

129 2780 266 2846 καὶτοῦ
290 2786 350 2847 ΓΔ
372 2784 455 2868 πρὸς
477 2783 514 2846 τὸ
540 2786 603 2845 ΖΘ
625 2784 722 2864 λόγος
745 2779 812 2845 ἐστὶ
836 2781 959 2858 δοθείς.
1148 2792 1150 2797 ’

202 3030 225 3079 1.
246 3030 327 3078 ΒΑΚ
342 3025 369 3080 b.
439 3027 647 3096 συμπληρώσθω
666 3026 695 3080 P.
769 3031 793 3080 2.
813 3026 861 3080 καλ
880 3022 941 3079 ἐπεί
959 3025 1010 3079 Pv.
1070 3013 1110 3101 διδ

130 3094 181 3163 τὴν
200 3100 288 3162 ΑΒΔ,
308 3101 389 3149 ΚΔΒ
408 3097 434 3150 b.
526 3104 550 3150 3.
574 3099 640 3165 τῶν]
660 3097 710 3164 τήν
729 3097 756 3150 b.
844 3095 918 3151 ἐστιν
935 3114 962 3151 v.
1043 3084 1111 3156 41⁰]

131 3181 199 3219 corr.
220 3182 253 3218 ex
271 3171 308 3237 τῷ
327 3185 362 3220 m.
382 3173 397 3220 2
417 3186 442 3221 v.
525 3173 548 3222 5.
568 3169 641 3240 ΔΓ]
661 3172 716 3221 ΑΓ
730 3168 760 3221 P.
848 3173 872 3221 6.
892 3166 1037 3221 ἀπόκειται
1053 3191 1080 3203 -
1094 3160 1111 3209 ὓ·

130 3234 239 3308 δοθεὶς]
260 3253 312 3290 om.
332 3236 358 3292 b.
402 3242 404 3247 ’
442 3243 464 3292 7.
484 3236 548 3311 καί]
568 3255 620 3293 om.
640 3239 703 3293 vat.
787 3243 811 3294 8.
832 3237 918 3310 ἐστιν]
938 3255 991 3292 om
1009 3237 1035 3290 b.
1094 3231 1111 3279 ⁹·

130 3309 192 3380 ΔΛ]
212 3313 233 3362 Β
252 3307 279 3362 b.
364 3307 407 3379 ω]
426 3307 521 3375 τήνω.
604 3311 678 3381 ΕΗ]
701 3313 758 3363 ΖΗ
773 3309 800 3363 b.
888 3306 936 3364 καί
955 3339 989 3350 -
1009 3313 1047 3361 ω.
1064 3295 1112 3372 τίς]

130 3397 182 3434 om.
202 3380 229 3434 b.
303 3381 411 3450 9.,ΔΒ]
432 3384 479 3432 ΒΔ
497 3398 522 3434 v,
595 3387 636 3436 11.
656 3382 715 3452 ΔΑ]
734 3385 783 3434 ΑΔ
802 3399 827 3436 v.
902 3385 945 3435 19.
964 3374 1113 3447 παραλληλο·

131 3448 276 3521 γράμμων]
300 3466 367 3505 corr.
388 3467 422 3504 ex
445 3451 626 3520 παραλλήλων
649 3471 684 3506 m.
704 3458 719 3505 2
738 3452 803 3506 vat.
896 3451 971 3523 ΕΗ]
995 3448 1079 3504 ΕΘΗ
1093 3439 1112 3492 b·
