2356 3818
76 131 190 185 XLVIII
446 132 723 186 PROLEGOMENA.

77 272 199 327 διελόντι
218 289 234 326 a
250 273 363 326 Theona
383 271 518 327 omissum
536 290 597 328 esse
611 275 712 343 potest,
731 293 758 343 p.
770 279 829 342 170,
841 279 874 327 18
893 275 1093 332 6616661166

77 351 133 422 ἄρα
151 369 209 406 non
227 355 328 422 potest.
356 372 383 423 p.
396 358 514 422 18213,
530 359 618 422 218,2
639 350 703 408 ἐπεί
718 353 826 408 Τ1166111
839 355 903 425 ipsi,
922 355 978 409 nisi
995 355 1092 427 fallor,

76 431 236 502 displicuit,
259 452 286 503 p.
306 439 350 501 80,
370 439 386 487 8
405 432 518 486 librarii
538 432 621 503 culpa
639 432 790 488 intercidit.
827 454 853 505 p.
873 440 934 504 210,
954 441 969 488 9
993 435 1093 491 Theon

76 511 201 582 respexit
215 512 251 567 ad
265 532 292 583 p.
302 519 362 582 208,
371 519 400 581 9;
419 513 538 566 eundem
552 515 620 581 puto
634 532 661 582 p.
672 518 730 582 138,
739 519 774 566 24
788 513 932 583 πρότερον,
951 534 977 584 p.
987 521 1048 585 148,
1058 523 1092 572 18

76 591 162 646 πάλιν
177 592 324 662 delenisse,
338 592 406 647 item
419 611 446 662 p.
459 597 500 660 ⁷0,
512 597 544 644 11
561 593 618 660 ἴση,
638 592 672 646 de
685 612 712 662 p.
722 599 781 662 154,
793 600 840 662 16;
860 601 919 662 182,
931 599 977 662 20;
993 601 1055 666 230,
1066 603 1091 667 2,

76 673 127 727 ubi
141 672 217 727 idem
231 673 404 729 adiectiuum
418 671 448 724 in
457 671 609 726 Theoninis
624 672 758 726 omissum
772 676 823 741 est,
838 673 944 728 dubito.
964 692 990 744 p.
1002 679 1091 744 64,16

77 751 211 807 librarius
229 751 367 821 peccauit,
386 749 435 817 qui
452 769 479 818 p.
495 755 538 819 24,
553 756 586 804 22
607 751 658 820 ὅτι,
678 771 704 822 p.
716 758 784 821 48,1
801 751 877 821 ἔστω,
895 773 923 823 p.
935 759 994 822 162,
1010 759 1025 806 2
1046 755 1092 823 ὡς,

75 852 103 903 p.
122 837 181 901 162,
201 838 234 885 23
257 830 396 899 ἀνάλογον
419 829 522 884 omisit.
559 848 650 900 neque
673 849 739 886 uero
763 832 913 901 quisquam
936 853 962 903 p.
977 839 1037 904 136,
1057 840 1091 889 13

78 913 107 965 61
124 931 151 982 p.
164 917 222 979 116,
238 917 262 979 9,
281 912 427 980 practerea
444 929 472 979 p.
484 916 543 979 158,
559 918 601 981 26,
616 918 663 984 26,
684 920 768 983 160,1
789 913 901 985 culpam
920 915 1048 970 66116161
1060 915 1092 969 in

77 990 227 1046 Theonem.
280 989 403 1058 reliquas
430 990 664 1061 intermissiones,
692 1011 727 1048 ne
755 994 855 1064 longus
883 993 949 1063 sim,
978 994 1090 1050 adferre

77 1070 254 1142 supersedeo.

147 1158 276 1213 Uidimus
300 1158 443 1212 Theonem
465 1157 495 1212 in
517 1161 695 1216 recensendis
718 1162 844 1216 Euclidis
868 1163 961 1217 uerbis
987 1181 1089 1234 parum

78 1240 239 1295 constanter
254 1254 283 1292 se
297 1237 431 1308 gessisse,
450 1239 550 1294 eadem
563 1241 755 1296 inconstantia
768 1241 813 1296 his
828 1259 939 1312 quoque
954 1244 1090 1315 exemplis

76 1320 248 1373 illustraturz
263 1337 290 1387 p.
300 1323 344 1386 48,
355 1323 390 1371 14
403 1318 441 1387 μή
456 1319 568 1373 addidit
581 1320 754 1391 prospiciens
763 1322 883 1376 fortasse
899 1323 935 1376 ad
948 1343 976 1392 p.
986 1328 1030 1392 48,
1042 1331 1089 1394 2⁶3

78 1405 179 1468 60,18;
202 1400 339 1469 114831)
357 1416 415 1453 non
434 1399 591 1454 addiderat.
627 1406 771 1469 1110213
789 1407 827 1473 τῷ
845 1401 961 1471 μεγέθει
980 1404 1090 1460 deside·

77 1479 165 1548 rauit,
192 1485 420 1549 p.104,11non
440 1479 558 1534 addidit.
595 1499 622 1548 p.
639 1485 729 1548 116,3
748 1489 803 1535 τῶν
822 1487 948 1551 πλευρῶν
967 1483 1092 1538 1111161111

77 1560 108 1614 111
125 1567 174 1628 τῆς
191 1563 325 1630 πλευρᾶςς
344 1558 374 1612 in
393 1558 499 1613 ecthesi
517 1558 590 1612 illud
608 1558 730 1627 reliquit.
767 1581 793 1631 p.
811 1567 869 1632 120,
885 1567 900 1615 6
919 1562 1044 1618 τουτέστι
1063 1562 1091 1618 61

77 1639 234 1711 displicuit,
258 1638 312 1693 etsi
333 1658 361 1708 p.
377 1645 436 1707 118,
457 1645 471 1692 1
491 1639 563 1693 nihil
591 1655 655 1693 eum
678 1640 841 1697 offenderat.
876 1648 1033 1713 1114612
1058 1643 1089 1698 ἐν

76 1719 216 1792 repetiuit,
235 1737 292 1775 non
310 1719 481 1788 repetiuerat
497 1737 524 1789 p.
541 1724 600 1788 142,
617 1724 640 1775 7,

150 1808 226 1875 Quae
245 1826 308 1863 cum
326 1807 368 1862 ita
387 1806 452 1876 sint,
471 1806 613 1863 Theonem
632 1810 750 1880 adparet
767 1812 798 1866 in
811 1813 892 1868 Datis
909 1812 1087 1866 recensendis

76 1903 133 1944 non
155 1889 245 1958 magis
269 1904 355 1956 quam
377 1887 408 1941 in
425 1886 579 1942 Elementis
600 1890 716 1945 edendis
724 1891 744 1962 ²)
763 1892 793 1946 id
812 1893 939 1946 secutum
956 1904 1029 1956 esse,
1054 1893 1088 1943 ut

77 1987 111 2024 ex
130 1968 243 2039 optimis
262 1967 419 2036 quibusque
438 1966 517 2021 libris
536 1970 751 2040 manuscriptis
774 1971 849 2024 hunc
872 1969 976 2022 librum
997 1966 1088 2022 talem

77 2049 184 2117 ederet,
213 2047 305 2116 qualis
329 2047 365 2101 ab
384 2046 501 2101 Euclide
525 2047 645 2119 scriptus
669 2053 755 2117 61161,
783 2065 835 2103 nec
857 2046 1013 2116 quidquam
1032 2047 1090 2102 sibi

76 2127 267 2199 proposuisse,
295 2126 351 2181 nisi
374 2129 406 2180 ut
430 2143 537 2196 eorum,
563 2129 612 2197 qui
630 2125 831 2196 Alexandriae,
854 2125 904 2179 ubi
923 2125 1091 2182 etiamtum

76 2207 172 2262 studia
190 2205 392 2261 mathematica
410 2206 558 2278 uigebant,
583 2206 749 2277 disciplinae
768 2222 835 2260 suae
855 2222 884 2260 se
903 2204 1088 2277 dedidissent,

76 2287 223 2342 desideriis
247 2303 280 2341 ac
303 2286 404 2342 studiis
429 2288 611 2344 satisfaceret.
649 2302 766 2354 cumque
784 2285 841 2357 illi,
864 2285 1029 2357 priusquam
1048 2287 1086 2340 ad

75 2366 150 2421 Data
172 2366 417 2437 progrederentur,
445 2367 592 2423 Elementa
614 2368 834 2438 pertractassent
855 2365 886 2420 in
903 2364 1087 2419 mathemati-

74 2463 164 2516 caque
182 2445 294 2517 longius
313 2446 522 2516 processissent,
540 2450 664 2516 nonest,
683 2447 760 2516 quod
773 2446 914 2514 miremur,
933 2444 1085 2516 Theonem,

21 2526 24 2530 ’
75 2526 257 2596 quiquidem
274 2525 305 2580 in
322 2524 475 2580 Elementis
494 2543 540 2596 ea,
564 2543 637 2596 quae
660 2527 696 2581 ab
714 2525 832 2579 Euclide
854 2523 968 2578 breuius
987 2524 1085 2594 expla-

74 2609 144 2662 nata
163 2608 236 2676 sunt,
255 2606 367 2676 explere
385 2609 414 2661 et
432 2624 535 2678 augere
554 2605 652 2673 soleat,
670 2604 700 2658 in
712 2603 793 2658 Datis
808 2603 877 2657 satis
893 2620 976 2674 saepe
989 2603 1085 2658 breui-

75 2690 166 2743 tatem
192 2687 336 2755 quandam
358 2687 528 2756 adfectasse,
556 2686 598 2739 ita
623 2687 656 2738 ut
677 2683 759 2754 plura
787 2683 823 2737 ab
847 2699 879 2737 eo
903 2683 1007 2737 omissa
1035 2686 1087 2739 aut

75 2783 173 2839 pressa
195 2783 280 2835 quam
303 2766 415 2822 adiecta
438 2770 489 2821 aut
512 2764 634 2818 dilatata
656 2778 717 2816 6116
737 2761 894 2817 uideantur.
932 2780 989 2832 qua
1006 2763 1037 2817 in
1055 2780 1086 2819 re

75 2846 131 2902 etsi
148 2845 236 2900 nimia
253 2845 371 2908 licentia
385 2848 514 2900 uersatus
529 2846 579 2912 est,
598 2845 694 2897 tamen
709 2842 807 2912 negari
821 2843 926 2912 nequit,
946 2842 1089 2897 recensio·

76 2943 141 2982 nem
159 2925 219 2980 eins
237 2926 319 2981 nobis
342 2925 411 2980 satis
430 2923 530 2978 utilem
548 2938 622 2992 esse,
644 2923 810 2993 praesertim
833 2940 896 2977 cum
912 2940 970 2976 non
987 2922 1088 2992 paucis

75 3005 145 3060 locis
172 3022 240 3060 nera
268 3022 301 3061 ac
324 3005 447 3076 genuina
469 3004 557 3058 uerba
579 3002 704 3057 Euclidis
730 3020 792 3057 611111
816 3019 942 3058 seruasse
965 3004 1085 3058 constet.

74 3085 185 3140 utinam
208 3085 366 3158 contingat,
394 3087 534 3152 utquam
556 3083 680 3153 proxime
702 3099 774 3136 unus
797 3082 904 3136 61161116
928 3081 1015 3135 codex
1040 3097 1088 3135 re-

149 3328 174 3395 1)
192 3345 219 3397 p.
234 3331 331 3396 46,19
350 3324 472 3380 euvardo
489 3342 539 3395 pro
559 3323 596 3394 μή
614 3323 730 3379 librario
749 3322 881 3390 debetur,
905 3321 1001 3376 Theon
1019 3322 1087 3391 post

76 3395 200 3453 dcccciv
219 3397 377 3469 scripsisset
395 3394 593 3466 μεταπιπτέτω.

149 3470 176 3539 2)
193 3468 227 3524 U.
246 3469 342 3524 uol.V
360 3487 387 3539 p.
401 3467 506 3522 LXXV.
