2356 3818
519 111 624 164 unns.
1038 112 1085 177 15

71 272 151 337 ergo
187 253 287 351 etiam
313 257 450 336 utraque
482 251 674 340 magnitudo
707 257 790 339 ΑΓ,
818 258 885 320 ΓΒ
922 257 998 322 data
1030 261 1084 322 est

66 358 173 444 [pron-
196 359 254 445 11]-

529 464 636 559 vm„

57 616 71 637 v
134 588 224 665 Quae
247 590 288 655 ad
309 591 397 655 idem
414 589 574 655 rationem
593 590 716 656 habent
735 590 855 676 datam,
877 591 977 657 etiam
994 593 1083 658 inter
1121 562 1134 577 i

62 717 100 762 se
123 696 285 761 rationem
306 696 475 761 habebunt
498 698 615 760 datam.

132 802 253 867 habeat
272 803 359 868 enim
376 807 550 886 utrumque
569 807 611 888 A,
626 806 658 867 Γ
675 803 716 866 ad
733 807 762 867 Β
780 802 941 869 rationem
960 804 1077 870 datam.

60 909 149 994 diae,
171 909 271 974 etiam
294 914 327 973 A
350 909 390 974 ad
415 911 447 972 Γ
469 903 630 973 rationem
653 909 842 975 habiturum
866 933 936 976 esse
959 911 1081 975 datam.

132 1037 209 1080 nam
229 1015 274 1080 sit
292 1016 367 1081 data
385 1015 576 1102 magnitudo
589 1021 631 1080 A.
665 1020 698 1080 et
717 1017 871 1100 quoniam
889 1016 974 1083 natio
988 1024 1021 1081 A
1031 1020 1078 1081 :B

62 1122 144 1187 data
170 1126 234 1207 est,
265 1121 376 1186 eadem
404 1126 501 1204 atque
528 1121 586 1187 illa
614 1122 673 1186 fiat
699 1123 783 1187 ratio
811 1128 844 1187 A
859 1147 866 1186 :
880 1129 917 1188 Ε.
963 1145 1078 1188 uerum

59 1274 567 1325 Ae———-—-—-—1
592 1276 626 1324 Δ]
1074 1289 1078 1324 ι

592 1377 630 1429 Et
822 1427 825 1433 ,
871 1393 874 1430 ι

313 1528 315 1533 .
476 1497 479 1534 ι
596 1477 1009 1535 Ζι--ὲ--ι

62 1611 260 1701 magnitudo
292 1621 326 1680 A
361 1616 439 1680 data
475 1619 534 1680 est.
589 1614 665 1688 data
701 1620 751 1679 est
781 1615 883 1700 igitur
915 1617 1015 1680 etiam
1046 1620 1083 1679 E

61 1722 172 1806 [prop.
186 1720 244 1805 II].
276 1742 388 1785 rursus
408 1720 561 1804 quoniam
580 1720 665 1784 ratio
680 1723 770 1784 Bzs'
788 1721 864 1784 data
882 1725 941 1805 est,
965 1720 1079 1785 eadem

61 1831 164 1912 atque
186 1826 244 1891 illa
265 1827 324 1891 fiat
346 1825 430 1891 ratio
455 1830 505 1889 E:
522 1829 557 1889 Z.
598 1847 712 1889 uerum
734 1825 924 1911 magnitudo
948 1831 979 1890 E
1001 1827 1081 1890 data

58 1937 122 1998 est.
174 1932 250 1997 data
277 1937 328 1997 est
354 1932 457 2018 igitur
484 1931 585 1996 etiam
614 1936 641 1994 Z
671 1930 784 2016 [ibid.].
835 1954 948 1996 uerum
976 1932 1077 1997 etiam

57 2037 253 2124 magnitudo
276 2044 310 2103 A
337 2038 413 2103 data
431 2034 498 2104 est.
543 2037 652 2122 itaque
679 2038 764 2102 ratio
791 2044 825 2103 A
840 2043 890 2102 :Z
921 2039 997 2103 data
1024 2043 1088 2104 est-

60 2143 1076 2230 [prop.I].etquoniamestA:B=A:EetB:F=-E:Z‚
1142 2194 1144 2199 .

58 2274 101 2316 ex
125 2271 228 2333 aequo
253 2251 315 2315 erit
335 2249 388 2336 [V,
404 2250 460 2336 22]
484 2253 759 2315 A:r==A:z.
797 2251 1076 2316 sedrati0A2Z

56 2359 138 2423 data
161 2361 220 2421 est.
266 2379 344 2443 ergo
367 2357 466 2422 etiam
489 2357 574 2421 ratio
597 2363 651 2421 A:
667 2360 699 2420 Γ
717 2357 793 2422 data
816 2362 866 2422 est
890 2357 964 2441 [def.
984 2357 1029 2441 2]

539 2551 594 2614 IX.

128 2674 164 2741 Si
187 2676 269 2740 duae
292 2675 344 2739 uel
366 2675 475 2761 plures
492 2674 736 2760 magnitudines
754 2674 840 2738 inter
860 2696 893 2738 se
912 2674 1073 2738 rationem

57 2783 183 2848 habent
206 2782 316 2847 datam
340 2786 373 2846 et
397 2782 526 2847 eaedem
549 2780 788 2867 magnitudines
813 2780 854 2844 ad
877 2779 956 2845 alias
980 2802 1078 2864 ques-

57 2890 133 2955 dam
171 2888 413 2975 magnitudines
449 2887 592 2952 rationes
629 2887 751 2951 habent
792 2886 903 2972 datas,
944 2885 1072 2951 etiamsi

58 2995 191 3060 eaedem
218 3017 286 3059 non
314 2999 404 3080 sunt,
436 2993 536 3058 etiam
563 2994 639 3058 illae
667 2991 907 3078 magnitudines
929 2991 1014 3058 inter
1038 3015 1073 3057 se

57 3103 205 3166 rationes
228 3100 398 3166 habebunt
420 3100 521 3165 datas.

125 3209 208 3272 duae
233 3205 320 3272 enim
341 3207 395 3270 uel
417 3206 525 3291 plures
549 3205 789 3291 magnitudines
813 3212 854 3286 A,
873 3208 912 3289 B,
930 3207 963 3269 Γ
984 3204 1075 3268 inter

92 3405 135 3454 18.
156 3400 191 3471 A]
211 3402 232 3454 Β
253 3415 279 3454 a.
351 3403 393 3454 23.
413 3398 494 3470 ἄλλα]
514 3399 616 3468 ἄλληλα
636 3415 665 3465 a3
689 3397 759 3450 item
776 3415 802 3466 p.
824 3402 865 3464 16,
885 3400 909 3450 2.
984 3400 1027 3450 24.
1047 3395 1075 3448 εἰ

54 3469 118 3543 καί]
139 3487 192 3524 om.
212 3471 237 3541 β.
311 3471 414 3532 αὐτοὺς
432 3467 463 3523 ds'
482 3472 506 3540 β.
581 3477 623 3524 26.
643 3468 757 3538 ἄλληλα]
777 3467 843 3534 ἄλλη
862 3466 926 3520 Vat.
