2356 3818
116 159 165 213 LII
484 161 762 216 PROLEGOMENA.

118 301 246 356 codicum
264 317 400 355 consensu
418 300 503 355 facile
522 301 585 370 quis
604 302 769 371 adducatur,
788 302 887 357 utillo
907 306 956 357 aut
971 301 1128 373 exemplari

118 397 152 434 ea
171 380 363 450 discrepantia
380 380 438 434 iam
453 382 518 435 ante
533 382 690 436 deformato
704 400 770 436 usus
786 382 832 452 sit,
851 385 902 436 aut
914 382 976 453 ipse
988 382 1129 436 Daturum

117 459 222 513 librum
239 460 410 515 recensuerit
418 462 445 532 ¹).
484 463 534 516 sed
552 479 616 517 cum
634 461 724 532 Pappi
741 462 811 516 fides
829 462 1001 532 permultum
1024 461 1055 515 in
1073 461 1129 517 hac

117 557 148 594 re
166 540 297 610 ponderis
316 541 422 595 habeat
440 544 469 595 et
488 558 565 612 prop.
582 546 614 595 77
633 542 731 595 eadem
747 541 784 595 sit
798 559 830 595 ao
844 559 922 613 prop.
938 549 980 610 64,
999 559 1079 612 prop.
1096 547 1129 596 78

38 666 42 673 .
119 622 213 674 autem
232 619 303 675 nihil
321 621 377 675 nisi
395 638 476 675 casus
496 620 613 689 quidam
630 621 781 690 peculiaris
800 638 877 691 prop.
893 627 940 690 62,
964 621 995 675 id
1013 621 1130 690 quidem

118 718 169 770 pro
188 703 263 755 certo
286 701 451 755 sumendum
466 703 516 769 est,
535 717 632 771 propp.
648 706 690 770 68,
702 705 744 769 77,
756 707 789 755 78
807 716 864 754 non
882 700 919 754 ab
933 699 1051 754 Euclide
1064 717 1131 770 pro-

118 779 207 834 fectas
223 797 255 835 ac
265 780 360 850 potius
374 782 439 850 post
449 780 576 851 Pappum
590 783 619 834 et
629 784 695 834 ante
705 780 847 835 Thoonem
860 779 1047 850 interpolatas
1057 797 1129 836 esse.

189 861 248 916 Nec
267 864 332 932 post
349 860 491 914 Thoonem
513 861 672 930 defuerunt,
697 860 746 929 qui
765 860 901 914 Daturum
923 859 1028 914 librum
1051 859 1132 913 omni

118 958 219 1013 genere
232 940 482 1010 interpolationum
496 940 728 1005 contaminarent.
753 956 785 993 ac
799 940 920 1009 primum
934 939 1049 1008 quidem
1063 956 1131 994 con·

119 1023 189 1090 stat,
218 1038 281 1075 eam
304 1019 536 1090 propositionem,
564 1037 637 1088 quae
659 1021 746 1091 uulgo
770 1022 813 1074 est
836 1025 883 1087 87,
912 1036 975 1072 cum
998 1019 1132 1087 sequenti

118 1101 252 1155 lemmate
271 1100 307 1154 ab
326 1099 440 1154 homine
458 1099 683 1155 ratiocinationis
703 1099 893 1168 sermonisque
911 1098 1041 1153 Euclidei
1059 1099 1131 1171 satis

117 1181 209 1250 perito
228 1179 325 1250 primis
349 1183 413 1250 post
432 1179 574 1235 Thoonem
593 1180 712 1235 saeculis
730 1179 933 1250 interpolatam
955 1194 1024 1234 esse.
1062 1197 1132 1233 nam

120 1260 151 1313 in
170 1258 374 1328 antiquissimis
394 1262 422 1314 et
441 1260 554 1331 optimis
573 1260 717 1324 codicibus
741 1263 791 1314 aut
809 1260 889 1314 deest
906 1259 957 1314 aut
974 1258 1004 1312 in
1023 1275 1132 1329 appen-

120 1338 181 1391 dice
200 1355 257 1392 una
276 1355 339 1391 cum
357 1337 471 1392 scholiis
494 1338 664 1407 quibusdam
687 1339 733 1394 uel
756 1338 787 1392 in
810 1338 937 1410 margine
960 1338 1062 1394 addita
1086 1342 1131 1394 est

119 1420 155 1487 (n.
175 1437 201 1488 p.
218 1423 270 1472 220
287 1420 365 1486 1ο1.).
402 1435 493 1487 neque
516 1419 809 1490 praetermittendum,
837 1419 867 1473 in
888 1418 1131 1474 demonstratione

118 1497 255 1551 nonnulla
272 1495 405 1566 inueniri,
432 1514 504 1565 quae
522 1498 641 1554 nimiam
660 1498 838 1569 diligentiam
857 1499 979 1554 hominis
998 1499 1076 1555 docti
1096 1501 1131 1555 de

119 1575 216 1632 schola
234 1576 387 1646 redoleant,
406 1578 486 1632 uelut
503 1597 560 1634 non
575 1579 692 1634 fortuito
705 1579 814 1633 factum
827 1580 878 1647 est,
897 1581 937 1649 ut,
957 1578 1131 1635 1111111111-

120 1657 168 1711 des
187 1656 217 1710 in
235 1657 407 1728 rectangulis
426 1657 619 1728 significandis
637 1658 794 1730 promiscue
814 1661 898 1727 atque
918 1659 978 1714 sina
996 1659 1055 1715 ullo
1072 1659 1131 1714 dis·

119 1737 233 1791 crimine
248 1737 370 1791 mediam
384 1737 510 1793 litteram
524 1740 642 1794 duarum
656 1742 796 1794 rectarum
811 1755 985 1793 communem
998 1741 1028 1793 et
1039 1742 1132 1810 ponat
1162 1786 1165 1793 .

119 1819 148 1872 ct
162 1817 276 1872 omittat
290 1817 421 1887 dicatque
440 1821 469 1873 et
483 1820 513 1874 cb
528 1821 583 1874 ὑπὸ
597 1829 652 1875 τῶν
666 1826 688 1874 A
693 1825 723 1888 Β,
737 1823 791 1873 ΒΓ
808 1820 837 1873 11
854 1818 885 1873 τὸ
900 1819 955 1873 ὑπὸ
969 1827 1024 1873 τῶν
1038 1823 1130 1888 ΑΒΓ,

119 1896 305 1967 interpolator
323 1897 371 1952 ille
391 1915 565 1953 communem
582 1899 709 1954 litteram
728 1898 857 1953 omnibus
876 1897 945 1952 locis
963 1898 1131 1969 reposuerit.
1172 1894 1174 2003 1

120 1977 230 2030 accedit
253 1978 329 2045 quod
346 1979 433 2033 uerba
451 1998 479 2048 p.
495 1984 555 2046 222,
571 1985 605 2033 28
629 1978 715 2040 οὕτως
733 1979 787 2048 γὰρ
807 1977 895 2032 δοθὲν
914 1977 1058 2050 ἀφῄρηται
1080 1979 1132 2033 ad·
1172 2022 1174 2033 .

119 2057 234 2110 modum
257 2061 388 2126 suspecta
411 2060 483 2113 sunt.
531 2058 652 2127 donique
672 2044 736 2113 tota
758 2057 913 2128 propositio
936 2058 967 2112 in
989 2057 1087 2113 codice
1109 2059 1132 2113 P
1172 2050 1174 2059 '

120 2135 234 2204 quidem
252 2137 348 2190 multis
368 2137 542 2207 compendiis
561 2137 666 2208 scripta
685 2141 736 2207 est,
756 2153 828 2206 quae
843 2136 873 2190 in
887 2136 985 2191 ceteris
1000 2137 1131 2207 partibus

119 2215 186 2269 libri
200 2232 257 2271 non
271 2219 426 2271 occurrunt.
456 2217 576 2270 alteram
589 2234 699 2286 quoque
714 2216 982 2273 demonstrationem
994 2233 1073 2288 prop.
1089 2224 1130 2289 11,
1172 2208 1174 2239 ¹

120 2312 192 2364 quae
202 2295 232 2349 in
242 2297 302 2350 cod.
314 2313 332 2350 a
341 2297 428 2366 deest,
441 2299 506 2367 post
515 2296 655 2352 Theonem
664 2297 865 2367 interpolatam
875 2313 936 2352 esse
944 2299 1022 2367 puto.
1042 2300 1130 2368 atqua

118 2376 196 2430 idem
209 2376 358 2430 dicendum
372 2378 416 2430 est
434 2377 469 2431 de
483 2376 518 2430 iis
533 2377 743 2444 additamentis,
762 2393 835 2446 quae
849 2376 880 2430 in
894 2376 1034 2431 communi
1048 2378 1128 2434 fonte

120 2456 200 2511 codd.
219 2456 335 2511 PVat.v
354 2456 599 2527 deprehendimus;
622 2476 648 2511 n.
667 2477 694 2528 p.
710 2457 781 2511 XVI.
818 2458 965 2527 praeterea
987 2460 1131 2526 quaedam

121 2535 156 2591 de
174 2534 222 2604 iis,
242 2552 315 2604 quae
334 2552 418 2606 supra
437 2536 525 2590 statui
544 2554 561 2591 a
579 2537 691 2592 Theona
710 2535 814 2591 omissa
833 2552 906 2605 esse,
925 2536 977 2605 iis,
997 2536 1048 2605 qui
1065 2540 1132 2609 post

123 2632 186 2669 eum
205 2614 236 2669 in
254 2614 457 2686 interpolandis
471 2616 552 2670 Datis
572 2617 665 2671 oleum
683 2619 711 2672 et
730 2634 843 2688 operam
861 2616 1053 2688 perdiderunt,
1072 2619 1132 2674 iure

120 2696 208 2750 tribui
226 2695 300 2751 licet.

191 2777 306 2832 Proclns
325 2777 411 2831 miror
429 2778 504 2846 quod
522 2797 549 2848 p.
565 2783 607 2846 92,
622 2783 709 2846 2sqq.
729 2777 771 2831 ed.
787 2776 937 2845 Friedlein,
956 2776 1006 2830 ubi
1025 2778 1132 2849 scripta

121 2854 247 2909 Euclidis
262 2858 469 2924 commemorat,
488 2860 600 2925 praeter
613 2857 810 2911 Phaenomena
825 2856 911 2910 etiam
925 2857 1000 2910 Data
1014 2858 1131 2913 omittit.

120 2954 147 3005 p.
164 2941 223 3002 235,
240 2940 344 2989 18-19
364 2937 466 3004 autem,
486 2952 569 3004 quem
587 2936 680 2991 locum
694 2935 840 2990 Fabricius
854 2935 928 2990 Bibl.
944 2934 989 2990 Gr.
1004 2935 1045 2990 IV
1058 2956 1086 3009 p.
1098 2943 1131 2992 79

80 3172 84 3179 -
122 3140 166 3195 ed.
184 3139 305 3194 Hultsch
325 3158 354 3264 p
370 3144 430 3208 610,
450 3145 510 3207 612,
530 3145 589 3194 616.
626 3139 701 3194 idem
724 3139 754 3193 in
776 3139 902 3195 Euclidis
925 3139 1130 3197 Phaenomenis

121 3210 283 3266 recensione
306 3226 324 3264 a
367 3227 413 3280 ea,
442 3227 515 3279 quae
538 3212 575 3265 ad
598 3228 648 3265 nos
672 3211 812 3281 peruenit,
842 3210 955 3266 diuersa
977 3227 1045 3266 usus
1070 3229 1131 3269 esse

122 3280 246 3349 uidetur;
265 3284 477 3353 1116011111.
514 3339 518 3347 ,

194 3356 220 3425 1)
242 3353 371 3425 Pappum
389 3353 619 3408 commentarium
636 3352 667 3406 in
685 3352 760 3406 Data
778 3350 922 3422 scripsisse
940 3350 1001 3407 ueri
1020 3352 1131 3410 similli-

121 3440 199 3478 mum
217 3427 272 3493 est3
299 3442 325 3479 u.
345 3424 470 3478 Marinus
488 3444 515 3496 p.
531 3426 675 3493 21611111,
701 3439 785 3492 quem
803 3423 896 3477 locum
913 3421 1038 3495 Heiberg
1056 3425 1101 3496 (St
1121 3456 1131 3467 ·

122 3492 189 3551 dien
205 3514 232 3567 p.
249 3499 311 3566 173)
329 3495 389 3551 iure
407 3497 495 3567 negat
512 3496 549 3550 ad
567 3494 657 3566 Pappi
676 3493 876 3549 collectionem
893 3509 976 3564 posse
993 3496 1132 3553 reuocari
