2356 3818
130 134 171 197 ῖς
532 137 736 188 Δοιοαωαι.

128 288 168 363 τῇ
194 280 273 361 ΘΚ,
302 280 392 342 ἔστιν
415 278 479 363 ίίρα
502 279 547 354 ὡς
569 277 590 360 ἡ
613 282 680 342 ΑΒ
702 279 786 364 πρὸς
808 279 871 362 τὴν
894 280 968 362 ΒΓ,
995 272 1135 361 οὕτωςὴ

129 388 201 448 ΗΘ
223 386 306 470 πρὸς
328 385 389 467 τὴν
414 386 488 449 ΘΚ.
534 384 635 449 πάλιν
659 384 731 449 ἐκεί
751 384 842 450 ἐστιν
864 384 910 460 ώς
932 382 955 467 ἡ
978 386 1048 449 ΒΓ
1063 384 1135 471 πρὸς

82 507 85 515 ·
130 492 189 574 τὴν
214 493 288 574 ΓΑ,
320 491 426 567 οὕτως
453 490 474 573 ἡ
502 496 534 555 Ε
559 492 643 576 πρὸς
670 492 731 575 τὴν
756 494 798 573 Ζ,
831 496 886 573 ίση
914 486 1001 575 6ὲὴ
1029 487 1136 575 μὲνΕ

130 607 170 682 τῇ
196 600 277 680 ΘΚ,
308 597 328 679 ἡ
353 593 389 661 δὲ
415 601 442 660 Ζ
464 606 504 682 τῇ
527 600 613 680 ΗΚ,
647 600 737 662 ἔστιν
760 598 824 682 ἄρα
851 596 897 672 ὡς
922 595 944 678 ἡ
969 599 1039 661 ΒΓ
1063 597 1134 681 πρὸς

93 704 189 787 στὴν
214 707 284 786 ΓΑ,
307 703 413 778 οὕτως
435 701 455 784 ἡ
481 706 549 767 ΘΚ
569 705 652 786 πρὸς
674 704 735 787 τὴν
754 705 834 766 ΚΗ.
871 700 1007 786 ἐδείχθη
1032 700 1069 767 δὲ
1088 698 1132 767 καί

129 808 173 884 ώς
195 808 215 890 ἡ
235 813 301 873 ΑΒ
324 809 407 894 πρὸς
429 810 491 891 τὴν
509 812 582 891 ΒΓ,
606 808 712 884 οὕτως
734 808 755 891 ἡ
781 811 853 872 ΘΗ
870 807 954 893 πρὸς
977 809 1040 891 τὴν
1065 810 1131 873 ΘΚ·

129 912 173 977 δι’
196 920 271 978 ίσου
295 916 359 1000 ἄρα
383 912 473 979 ἐστὶν
497 914 541 990 ώς
563 913 583 996 ἡ
608 918 674 978 ΑΒ
698 915 781 1000 πρὸς
804 915 864 997 τὴν
887 916 964 997 ΑΓ,
995 910 1131 995 οὕτωςιὶ

130 1024 203 1083 ΘΗ
224 1021 308 1106 πρὸς
335 1021 396 1103 τὴν
419 1023 500 1083 ΗΚ.
547 1020 663 1104 ὅμοιον
691 1021 755 1106 ἄρα
784 1017 853 1084 ἐστὶ
881 1020 919 1083 τὸ
942 1023 1052 1085 ΑΒΓ
1075 1022 1130 1105 τρί-

128 1148 238 1206 γωνον
261 1134 306 1213 τῷ
331 1128 441 1189 ΗΘΚ
461 1126 622 1213 τριγώνῳ.
666 1124 799 1190 δέδοται
824 1122 860 1190 δέ
883 1126 920 1189 τὸ
943 1129 1058 1191 ΗΘΚ
1074 1128 1129 1211 τρί-

76 1241 109 1295 10
128 1255 239 1313 γωνον
267 1239 312 1318 τῷ
340 1232 433 1295 είόει·
467 1230 599 1296 δέδοται
623 1234 686 1318 ἄρα
709 1230 825 1296 καὶτὸ
848 1234 958 1295 ΑΒΓ
981 1235 1130 1317 τρίγωνον

128 1346 173 1400 τώ
197 1336 286 1400 είὸει.

602 1520 670 1580 μί·

145 1653 148 1657 ·
193 1617 269 1682 Ἐὰν
296 1620 462 1704 τριγώνου
491 1619 703 1704 ὀρθογωνίου
731 1618 807 1705 περὶ
834 1622 915 1704 μίαν
937 1631 1008 1685 τῶν
1030 1619 1131 1698 ὀξειῶν

128 1736 261 1807 γωνιῶν
288 1725 325 1789 αί
349 1723 491 1808 πλευραὶ
519 1727 602 1808 πρὸς
629 1725 772 1808 ἀλλήλας
799 1730 900 1808 λόγον
928 1729 1029 1810 ἔχωσι
1052 1725 1130 1790 δεὸο

77 1842 109 1889 15
128 1829 240 1914 μένον,
264 1828 394 1895 δέδοται
418 1832 454 1895 τὸ
478 1833 643 1915 τρίγωνον
666 1840 711 1918 τῷ
736 1832 825 1895 είδει.

194 1938 359 2020 τριγώνου
383 1939 446 2022 γὰρ
471 1936 683 2022 ὀρθογωνίου
706 1945 767 2001 τοῦ
791 1940 896 2001 ΑΒΓ
918 1936 1031 2022 ὀρθὴν
1054 1940 1131 2021 ἔχον-

127 2065 183 2117 τος
206 2042 266 2124 τὴν
288 2041 353 2105 ὑπὸ
376 2053 444 2106 τῶν
462 2045 563 2106 ΒΑΓ
581 2045 717 2125 γωνίαν,
739 2040 815 2127 περὶ
837 2045 918 2126 μίαν
940 2054 1010 2108 τῶν
1028 2040 1131 2120 <stem

127 2146 230 2210 αὐτοῦ
254 2158 386 2228 γωνιῶν
408 2148 469 2230 τὴν
491 2147 556 2211 ὑπὸ
581 2151 685 2212 ΑΒΓ
704 2149 741 2212 αί
761 2146 901 2233 πλευραὶ
926 2149 963 2212 αί
986 2153 1059 2233 ΓΒ,
1076 2152 1131 2213 ΒΑ

127 2253 210 2334 πρὸς
244 2251 386 2333 ἀλλήλας
413 2256 514 2334 λόγον
542 2252 704 2336 ἐχέτωσαν
732 2252 926 2338 δεδομένον·
958 2253 1061 2339 λέγω,
1090 2254 1131 2319 ὅτι

74 2367 108 2416 20
128 2356 259 2421 δέδοται
282 2359 319 2422 τὸ
343 2361 449 2422 ΑΒΓ
465 2362 631 2442 τρίγωνον
653 2369 699 2447 τῷ
724 2360 813 2424 είδει.

194 2462 353 2528 ἐκκείσθω
381 2465 443 2550 γὰρ
472 2476 512 2550 τῇ
540 2465 634 2530 θέσει
661 2464 717 2530 καὶ
744 2475 790 2553 τῷ
818 2463 952 2549 μεγέθει
980 2463 1131 2551 δεδομένη

127 2568 243 2634 εὐθεῖα
265 2569 286 2652 ἡ
309 2576 391 2653 ΑΕ,
414 2570 470 2635 καὶ
492 2572 675 2658 γεγράφθω
700 2570 752 2636 ε’πὶ
774 2581 832 2655 τῆς
854 2577 924 2637 ΛΕ
944 2571 1132 2656 ἡμικύκλιον

126 2676 162 2740 τὸ
185 2680 308 2740 ΔΗΕ·
340 2676 434 2742 θέσει
458 2679 521 2761 ἄρα
545 2676 613 2742 ἐστὶ
641 2680 678 2742 τὸ
701 2683 811 2742 ΔΗΕ
833 2677 1041 2762 ἡμικύκλιον.
1084 2673 1131 2743 καὶ

126 2780 195 2845 ἐπεὶ
218 2785 315 2863 λόγος
339 2781 407 2847 ἐστὶ
430 2792 488 2866 τῆς
507 2787 567 2846 ΓΒ
590 2785 673 2870 πρὸς
690 2786 751 2869 τὴν
770 2789 833 2848 ΒΑ
856 2785 982 2867 ὃοθείς,
1005 2784 1131 2857 ὀαώτὸς

73 2897 107 2945 25
126 2886 215 2972 αὐτῷ
239 2885 400 2968 γεγονέτω
424 2888 442 2952 ὁ
466 2896 523 2971 τῆς
541 2894 610 2953 ΔΕ
630 2890 713 2975 πρὸς
735 2891 796 2974 τὴν
816 2895 857 2954 Ζ·
881 2893 980 2972 λόγος
1003 2878 1068 2976 ἄρα
1085 2884 1130 2955 καὶ

127 3028 157 3035 —-
164 3030 341 3037 .-—-——-

198 3116 222 3165 2.
243 3113 314 3182 ΗΘ]
333 3114 390 3166 ΔΘ
408 3111 435 3166 b.
499 3112 562 3184 τήν]
582 3131 634 3168 om.
655 3115 681 3168 b.
743 3115 829 3187 ἐστιν]
849 3133 901 3170 om.
921 3134 947 3171 v.
1022 3124 1048 3173 4.
1068 3112 1129 3185 ΘΚ]

126 3182 243 3251 ΚΚατ,
264 3182 463 3237 ωώώΘωΘ.
537 3190 561 3238 5.
583 3186 654 3256 ΘΚ]
675 3188 732 3240 ΚΘ
750 3186 777 3242 b.
853 3192 875 3240 7.
895 3189 958 3258 ΑΒ]
978 3192 1024 3241 ΒΑ
1042 3188 1127 3243 Vm.
1172 3188 1174 3221 ²

160 3253 346 3322 AF]BPb.
416 3260 439 3308 8.
461 3255 535 3325 HK]
555 3258 612 3310 ΚΘ
631 3255 657 3309 b.
732 3257 971 3327 12.μγ’]μδ’1).
1042 3258 1129 3327 lm

126 3322 207 3394 είὸει]
230 3332 264 3395 τῇ
287 3322 366 3379 θέσει
389 3325 415 3378 b.
508 3331 548 3379 16.
569 3327 705 3395 τριγώνου
723 3359 758 3367 -
776 3346 802 3395 p.
823 3332 865 3395 80,
887 3333 909 3382 7.
934 3328 981 3382 ἐπὶ
999 3330 1052 3400 τὴν
1068 3326 1127 3395 ΑΓ]

125 3410 220 3448 eorum
230 3393 291 3448 loco
301 3394 331 3448 in
341 3396 382 3449 ba
392 3394 439 3447 hic
448 3398 563 3463 propter
571 3397 837 3451 transmutationem
851 3397 984 3453 foliorum
994 3402 1031 3469 (u.
1041 3396 1127 3469 praes.)

124 3464 312 3535 reperiunt-ur,
337 3482 410 3533 quae
429 3464 560 3535 leguntur
582 3486 609 3536 p.
630 3474 676 3536 ὅθ,
698 3474 738 3522 14.
763 3467 917 3538 γεγράφθω
935 3502 972 3511 -
990 3476 1033 3526 20.
1052 3470 1127 3533 ἐστιν,
