2356 3818
527 124 634 186 DATA·
1046 123 1092 187 23

70 265 186 330 tudine
213 269 293 351 ΑΓ,
324 267 401 331 data
427 266 532 331 maior
564 267 616 332 sit
636 269 734 350 quam
761 266 797 330 in
823 267 958 332 ratione.
1008 267 1094 352 dieo,

69 371 210 436 eandem
225 376 301 457 AB,
324 378 547 457 comparatam
566 373 666 438 etiam
683 394 759 438 eum
776 373 991 461 reliquaBP,
1015 373 1092 438 data

70 477 232 543 maiorem
255 499 325 543 esse
350 500 448 562 quam
469 479 506 544 in
528 479 665 545 ratione.

141 606 220 648 nam
256 584 412 668 quoniam
447 586 640 704 magnitudo
672 590 756 670 AB,
790 590 979 669 eomparata
1015 608 1091 651 eum

70 689 301 777 magnitudine
327 693 408 777 ΑΓ,
439 691 516 755 data
547 690 652 755 maior
684 695 735 755 est
767 712 865 774 quam
891 691 927 755 in
953 690 1092 775 ratione,

70 795 244 861 auferatur
274 797 352 861 data
382 796 574 883 magnitudo
601 801 676 861 An.
726 796 871 880 reliquae
896 796 1001 882 igitur
1026 801 1092 861 ΕΒ

71 903 118 967 ad
140 905 212 966 ΑΓ
238 901 323 966 ratio
352 901 429 965 data
456 905 507 965 est
536 900 611 984 [def.
633 901 698 985 11].
743 901 854 985 itaque
882 902 982 966 etiam
1005 902 1092 967 ratio
1123 936 1126 941 ·

73 1011 160 1073 Ar:
169 1011 233 1072 ER
252 1007 328 1072 data'
346 1011 405 1072 est
437 1007 603 1072 eademt
568 1011 603 1072 at
605 1029 666 1092 que
684 1007 743 1072 illa
755 1008 814 1073 fiat
799 1007 913 1073 rat10
927 1013 1010 1072 AA
1020 1013 1094 1073 EA.

72 1135 176 1198 quare
199 1114 300 1179 etiam
321 1113 407 1177 ratio
429 1118 496 1177 ΛΑ
510 1136 518 1176 :
532 1117 595 1176 EA
618 1113 694 1178 data
717 1118 774 1178 est.
816 1118 850 1181 et
872 1115 1093 1179 conuertendo

72 1220 163 1285 ratio
189 1225 261 1285 ΛΑ
275 1223 367 1283 :AE
396 1219 473 1284 data
502 1223 553 1283 est
586 1219 691 1304 [prop.
714 1219 770 1304 V].
823 1224 856 1284 et
883 1243 901 1286 e
927 1220 1093 1286 eontrario

73 1326 162 1390 ratio
186 1330 255 1390 ΑΕ
267 1349 274 1389 :
288 1330 359 1389 ΑΔ
381 1325 458 1389 data
480 1328 538 1389 est.
576 1329 609 1389 et
633 1325 709 1390 data
732 1330 783 1390 est
806 1326 997 1411 magnitudo
1016 1331 1094 1392 An.

71 1433 154 1496 data
181 1432 286 1518 igitur
312 1431 412 1512 etiam
439 1435 511 1497 tota
538 1436 608 1495 AA
636 1431 742 1516 [prop.
764 1431 825 1516 11].
878 1437 911 1497 et
938 1433 1094 1516 quoniam

32 1609 46 1624 ,
73 1539 163 1618 ratio
181 1537 285 1602 totius
299 1540 370 1603 ΑΓ
388 1537 429 1601 ad
447 1541 553 1619 totam
566 1541 630 1601 ER
654 1537 731 1602 data
748 1542 808 1622 est,
830 1559 969 1621 quarum
987 1539 1092 1622 partis

73 1649 144 1709 ΑΛ
172 1644 213 1708 ad
239 1647 367 1729 partem
388 1647 459 1710 ΔΕ
482 1642 568 1707 ratio
596 1643 673 1707 data
700 1647 764 1728 est,
795 1643 858 1708 erit
884 1644 984 1708 etiam
1007 1643 1095 1708 ratio

72 1749 221 1833 reliquae
241 1752 301 1814 ΓΔ
325 1749 366 1813 ad
388 1748 547 1831 reliquam
564 1751 631 1812 AB
655 1748 731 1812 data
751 1746 805 1832 [V‚
820 1749 875 1832 193
895 1748 955 1813 def.
971 1748 1016 1833 2].
1060 1754 1097 1814 et

72 1855 259 1920 dirimendo
283 1855 368 1919 ratio
392 1857 453 1919 ΓΒ
469 1877 475 1917 :
490 1858 556 1918 AB
584 1853 661 1918 data
684 1857 735 1918 est
758 1853 863 1938 [prop.
881 1853 937 1938 V].
982 1855 1096 1939 itaque

71 1963 179 2028 etiam
206 1961 291 2027 ratio
318 1965 385 2024 AB
400 1985 407 2025 :
422 1963 490 2025 ΒΓ
517 1961 594 2025 data
620 1965 679 2027 est.
734 1965 767 2025 et
794 1961 870 2025 data
897 1965 948 2026 est
971 1961 1097 2048 magni-

73 2069 159 2133 tudo
177 2056 253 2133 AA.
287 2087 365 2152 ergo
380 2066 571 2153 magnitudo
586 2070 663 2153 AB,
681 2070 869 2152 comparata
883 2089 957 2133 eum
970 2069 1097 2155 magui-

71 2173 191 2238 tudine
210 2178 282 2260 BF,
305 2176 381 2240 data
403 2174 508 2240 maior
530 2178 580 2238 est
604 2195 702 2258 quam
724 2173 760 2237 in
782 2172 909 2241 ratione
932 2173 1009 2259 [def.
1028 2174 1098 2258 11].

550 2366 624 2433 XII.

148 2490 184 2556 si
201 2497 269 2558 tres
288 2492 530 2579 magnitudines
544 2491 731 2576 propositae
750 2496 836 2575 sunt,
854 2497 887 2556 et
900 2492 1006 2575 prima
1022 2514 1098 2556 eum

73 2599 222 2664 secunda
245 2599 320 2663 data
343 2602 393 2663 est
416 2601 514 2681 atque
538 2597 639 2662 etiam
656 2598 797 2662 secunda
815 2619 890 2663 oum
907 2597 1016 2680 tertia,
1038 2601 1097 2661 aut

71 2704 186 2790 prima
202 2705 319 2769 tertiae
338 2703 483 2789 aequalis
501 2707 561 2787 est,
584 2707 641 2768 aut
660 2703 763 2768 attera
779 2703 856 2766 data
869 2701 1095 2788 magnitudine

74 2809 186 2876 maior
208 2815 258 2875 est
280 2810 391 2875 altera.

147 2915 214 2979 sint
232 2919 299 2980 tres
321 2914 562 3002 magnitudines
582 2919 658 2999 AB,
670 2917 742 2998 ΒΓ,
758 2916 829 2998 ΓΛ,
851 2918 884 2978 et
902 2918 968 2978 AB
980 2917 1020 2995 -Ι-
1031 2916 1102 2978 ΒΓ
1144 2950 1147 2954 ’

73 3023 176 3086 datae
199 3020 265 3086 sint
288 3020 416 3104 sintque
440 3020 591 3106 aequales
614 3024 722 3085 reatae
745 3022 820 3104 ΑΓ,
843 3023 876 3084 et
899 3022 968 3084 ΒΓ
979 3025 1018 3102 -t-
1036 3021 1098 3083 ΓΛ

73 3127 176 3192 datae
209 3127 275 3191 sint
307 3127 436 3210 sintque
469 3126 619 3210 aequales
652 3130 720 3191 reet
722 3147 759 3190 ae
787 3129 862 3189 BA.
918 3126 1004 3210 dieo,
1040 3129 1098 3188 aut

73 3316 278 3373 addUmrP
343 3316 374 3371 ἐν
392 3315 441 3385 to
442 3317 564 3389 p.]corr
584 3332 618 3371 ex
637 3314 739 3370 ἐλαττ
757 3316 905 3370 m.2Vat.
972 3320 1013 3368 19.
1034 3313 1104 3382 atel

72 3337 566 3515 pinpgwltiptrdffhma.
649 3387 958 3457 temrdBAtoma
1033 3383 1120 3431 tion&
