2356 3818
124 125 189 189 238
297 128 425 179 MARINI
443 127 664 178 PHILOSOPHI
683 124 969 177 COMMENTARIUS

191 269 424 353 ὑπογράφουσι
453 272 568 333 τοίνυν
596 269 633 332 τὸ
657 275 856 352 τεταγμένον
879 268 918 332 τὸ
942 264 993 332 ἀεὶ
1015 267 1134 332 ταύτὸν

125 377 319 458 σωζόμενον,
337 371 415 438 καθ’
433 373 451 437 ὃ
470 373 626 456 τετάχθαι
645 370 783 456 λέγεται,
801 373 876 456 ἤτοι
893 373 978 436 κατὰ
996 371 1132 457 μέγεθος

124 481 144 563 ἢ
168 476 256 556 εἶδος
279 478 299 562 ἢ
323 481 403 544 ἄλλο
424 503 455 543 τι
474 490 542 543 τῶν
564 479 738 543 τοιούτων·
771 476 871 561 ἣκαὶ
893 475 1026 564 ἑτέρως·
1058 478 1129 561 ὅπερ

124 588 167 669 μὴ
197 585 362 669 ἐνδέχεται
392 587 508 649 άλλοτε
538 587 646 660 ἄλλως
672 587 842 668 γίνεσθαι,
875 583 959 650 άλλά
986 593 1133 667 μοναχῶς

90 689 162 754 εέν
185 688 405 776 άφωρισμένφ
429 687 495 753 τινὶ
519 691 618 776 τόπφ.
665 679 752 770 οἷον,
779 675 940 775 ώςτύπφ
969 691 1087 771 εἰπεῖν,
1113 687 1133 770 ἡ

125 797 180 859 διὰ
200 796 261 860 δύο
281 798 425 880 σημείων
440 793 623 878 ἑστηκότων
637 793 829 878 γραφομένη
849 794 966 859 εὐθεῖα
979 796 1130 878 τετάχθαι

125 900 252 984 λέγεται
280 911 326 990 τῷ
349 903 392 984 μὴ
416 902 523 976 άλλως
550 898 605 964 καὶ
633 899 781 976 άστάτως
804 903 954 982 ἄγεσθαι.
1001 902 1132 974 άτακτος

125 1006 164 1071 δέ
190 1007 280 1072 ἐστιν
307 1007 328 1090 ἡ
356 1007 412 1069 διὰ
439 1006 533 1070 δυεῖν
560 1005 765 1091 περιφέρεια·
798 1011 970 1090 πολλαχῶς
997 1006 1061 1091 γάρ
1081 1002 1130 1068 καὶ

125 1113 272 1188 άστάτως
295 1112 466 1197 γράφεται,
489 1109 544 1175 καὶ
568 1115 715 1196 μείζονος
737 1109 792 1176 καὶ
816 1112 991 1187 ἐλάττονος
1013 1112 1130 1175 κύκλου

73 1234 106 1281 10
126 1217 176 1282 ἐπ’
197 1220 335 1302 ἄπειρον
357 1216 578 1302 γραφομένων
601 1217 657 1280 διά
675 1228 743 1280 τῶν
766 1217 828 1281 δύο
847 1220 1002 1302 σημείων.
1038 1216 1130 1282 πάλιν

126 1320 162 1386 δὲ
189 1321 367 1406 τεταγμένη
395 1320 485 1387 ἐστὶν
513 1323 534 1406 ἡ
558 1323 614 1386 διά
636 1334 739 1407 τριῶν
762 1327 908 1407 σημείων
937 1321 1130 1409 περιφέρεια

126 1431 194 1493 ε”στι
222 1425 259 1492 δὲ
285 1426 340 1492 καὶ
369 1430 408 1491 τά
435 1437 571 1492 τοιαῦτα
599 1440 666 1492 τῶν
692 1428 914 1513 τεταγμένων,
948 1430 994 1504 ὡς
1020 1430 1058 1493 τὸ
1084 1424 1131 1492 ἐπὶ

125 1545 182 1618 της
219 1535 376 1618 δοθείσης
412 1535 545 1610 εὐθείας
583 1536 781 1618 ἰσόπλευρον
816 1538 983 1620 τρίγωνον
1021 1535 1130 1615 συστη-

126 1648 263 1705 σασθαι·
288 1643 318 1704 εί
335 1642 398 1725 γάρ
417 1639 472 1704 καὶ
491 1641 591 1724 διχῶς
610 1644 767 1724 γίγνεται,
786 1640 870 1704 ἀλλὰ
887 1639 967 1705 καθ’
985 1639 1132 1725 ἑκάτερον

74 1763 106 1809 16
126 1746 224 1832 μέρος
246 1756 304 1830 τῆς
327 1747 460 1822 εὐθείας
483 1759 634 1830 μοναχῶς
656 1745 711 1811 καὶ
731 1746 981 1830 ἀμεταπτώτως·
1005 1745 1060 1811 καὶ
1077 1746 1131 1828 τὴν

127 1853 286 1917 δοθεῖσαν
315 1853 451 1917 εὐθεῖαν
480 1855 526 1928 είς
550 1855 609 1917 τὸν
633 1851 777 1917 δοθέντα
802 1855 902 1934 λόγον
926 1865 1049 1936 τεμεῖν·
1079 1873 1130 1935 μο-

126 1970 234 2042 ναχῶς
257 1960 319 2043 γάρ
343 1958 385 2023 δέν
408 1957 462 2022 καὶ
484 1967 583 2023 τοῦτο
606 1957 735 2040 γένοιτο
757 1955 809 2021 ἐπὶ
827 1959 954 2045 θάτερα
972 1968 1032 2042 τῆς
1051 1959 1130 2039 διχο

127 2068 249 2156 τομίας.
286 2067 408 2129 ἄτακτα
428 2063 467 2128 δέ
479 2064 547 2129 ἐστι
561 2065 601 2128 τά
616 2066 747 2139 τούτοις
765 2062 999 2147 ἀντικειμένως
1014 2067 1131 2147 ἔχοντα,

127 2170 172 2243 ὡς
198 2171 235 2234 τὸ
264 2171 429 2253 σκαληνὸν
456 2172 686 2252 συστήσασθαι
714 2168 769 2234 καὶ
796 2172 857 2252 τὴν
885 2169 1026 2234 εὐθεῖαν
1048 2170 1130 2253 άορί-

73 2288 108 2336 20
127 2291 211 2349 στως
229 2287 347 2357 τεμεῖν.
374 2278 564 2361 πρόσκειται
583 2273 620 2340 δὲ
638 2285 683 2363 τῷ
704 2277 770 2362 όρφ
789 2276 826 2340 τὸ
844 2273 924 2339 καθ’
942 2274 960 2340 ὃ
979 2275 1131 2355 τέτακται,

127 2377 196 2444 ἐπεὶ
220 2380 363 2445 δύναταί
382 2405 414 2445 τι
437 2383 473 2446 ἓν
496 2380 551 2445 καὶ
573 2381 696 2446 ταύτὸν
719 2381 759 2445 δν
781 2391 827 2466 πῇ
850 2378 910 2465 μὲν
929 2380 1129 2466 τεταγμένον,

127 2488 234 2562 άλλως
257 2483 293 2550 δὲ
316 2489 458 2552 ἄτακτον
480 2483 579 2570 εἶναι,
599 2479 672 2551 οἷον
689 2488 727 2551 τὸ
748 2488 946 2570 ἰσόπλευρον
963 2491 1130 2573 τρίγωνον,

126 2586 147 2678 ᾖ
179 2589 239 2676 μὲν
272 2595 470 2679 ἰσόπλευρόν
502 2593 608 2676 ἐστιν,
644 2592 810 2675 τέτακται,
842 2591 977 2674 μεγέθει
1010 2591 1047 2658 δὲ
1077 2591 1129 2673 οὐχ

128 2700 265 2784 ὥρισται
287 2710 362 2765 πᾶν.

74 2818 108 2866 26
194 2806 363 2892 γνώριμον
391 2804 429 2869 δέ
450 2805 518 2869 ἐστι
545 2806 583 2869 τὸ
611 2809 878 2888 γιγνωσκόμενον
905 2805 951 2880 ὡς
973 2806 1012 2869 τὸ
1036 2806 1128 2886 δῆλον

128 2909 207 2993 ἡμῖν
224 2908 280 2974 καὶ
296 2913 638 2995 καταλαμβανόμενον,
657 2911 829 2991 άγνωστον
848 2906 885 2973 δὲ
902 2911 1001 2993 τὸμὴ
1020 2930 1128 2993 γιγνω-

129 3017 291 3098 σκόμενον
317 3012 400 3099 μηδὲ
427 3019 759 3100 καταλαμβανόμενον
785 3013 845 3098 ὑφ’
869 2999 977 3098 ἡμῶν·
1007 3008 1077 3080 οἷον
1096 3012 1128 3076 ιδ

127 3130 230 3205 μῆκος
249 3130 307 3203 τῆς
325 3121 407 3186 ὁδοῦ
426 3123 594 3208 γνώριμον
613 3117 697 3186 εἶναι
717 3120 853 3203 λέγεται,
876 3119 957 3184 καθ’
975 3122 1004 3204 ὅ,
1026 3123 1127 3186 πόσων

198 3320 222 3368 4.
239 3313 346 3385 ἄλλοτε]
362 3313 430 3366 ἄλλα
440 3332 469 3366 τε
479 3314 543 3367 vat.
600 3319 623 3368 8.
639 3313 729 3382 δυεῖν]
743 3315 823 3366 δυοῖν
835 3312 900 3365 vat.
957 3317 982 3365 9.
998 3309 1046 3366 καί
1055 3307 1125 3380 (alt.)]

127 3403 180 3441 om.
200 3385 329 3451 PVat.v;
354 3384 417 3437 add.
442 3401 477 3437 m.
498 3390 521 3437 2.
546 3384 610 3437 Va’n.
703 3389 743 3437 11.
770 3379 947 3453 περιφέρεια]
967 3399 1054 3451 comp.
1070 3380 1125 3433 Vat.

163 3461 203 3512 16.
224 3453 273 3511 καί
288 3456 360 3526 (pr.)]
380 3471 468 3524 comp.
486 3454 516 3523 P,
536 3471 588 3508 om.
604 3455 668 3507 Vat.
742 3459 783 3507 25.
802 3451 932 3524 τό(υ1ῖ.)]
952 3454 1110 3522 suspectum.
