2356 3818
444 134 457 209 '.
530 134 778 186 αιιαοιιιιιοε.Ι

601 329 664 413 λα’

150 450 328 528 Ἐὰνί
296 455 344 530 είς
365 457 597 540 παραλλήλους
623 438 663 540 ιή
686 453 780 520 θέσει
806 453 991 540 δεδομένας
1015 457 1141 532 εὐθείας

99 517 242 625 εδθεϊα
265 563 397 646 γραμμή
422 560 517 647 ἀχθῇ
535 559 694 646 δεδομένη
718 571 764 649 τῷ
788 560 937 646 μεγέθει,
966 561 1141 705 δεδομένας

125 648 255 749 τοιήσει
278 670 410 748 γωνίας.

90 781 107 830 5
192 773 239 849 είς
266 773 326 858 γαρ
354 775 586 859 παραλλήλους
612 784 652 859 τή
679 771 774 839 θέσει
801 771 983 858 δεδομένας
1010 776 1137 850 εὐθείας

125 879 183 954 τὰς
210 883 287 966 AB,
307 881 369 943 ΓΔ
396 879 511 944 εὐθεῖα
534 874 671 965 γραμμή
698 881 793 963 ήχθοι
821 879 842 962 ή
870 885 950 965 ΕΖ,
983 879 1137 967 δεδομένη

125 994 171 1072 τῷ
195 956 336 1069 μεγέθει.
383 983 482 1068 λέγω,
509 985 560 1049 ὅτι
585 983 764 1070 δεδομένας
786 988 916 1069 ποιήσει
939 990 1069 1068 γωνίας
1082 987 1137 1062 τὰς

125 1089 191 1154 ὑπὸ
214 1101 282 1155 τῶν
304 1088 413 1174 ΒΕΖ,
431 1095 536 1158 ΕΖΔ.

195 1197 347 1279 εἰλήφθω
371 1197 434 1282 γὰρ
459 1195 512 1261 έπὶ
530 1206 589 1280 της
605 1201 672 1261 ΑΒ
696 1194 801 1262 δοθὲν
820 1208 956 1282 σημεῖον
975 1198 1015 1263 τὸ
1034 1146 1076 1265 Η
1090 1194 1135 1263 καί

73 1313 108 1362 10
126 1301 183 1366 δια
205 1310 266 1365 τοῦ
284 1305 324 1365 Η
344 1312 383 1387 τῇ
406 1305 471 1366 ΕΖ
493 1302 703 1388 παράλληλος
725 1304 821 1386 ήχθω
843 1303 964 1386 8118
1002 1308 1061 1389 ίση
1082 1305 1153 1389 ἄρα.

127 1405 217 1471 ἐστὶν
239 1405 260 1488 ἡ
282 1411 346 1470 ΖΕ
368 1418 408 1493 ιή
426 1411 506 1473 ΗΘ.
540 1406 743 1475 δοθεῖσαδὲ
765 1409 886 1492 ἡΕΖ·
915 1409 1061 1476 δοθεῖσα
1081 1410 1134 1495 ἄρα

69 1574 72 1578 ,
126 1509 181 1576 καί
204 1511 224 1595 ή
248 1517 288 1577 Η
292 1517 328 1577 Θ.
364 1517 423 1578 καί
444 1513 512 1579 ἐστι
535 1515 572 1579 τὸ
595 1520 635 1580 Η
655 1515 767 1581 δοθέν.
805 1516 911 1602 ὁίίρα
933 1513 1064 1605 κέντρῳ
1085 1512 1133 1602 μὲν

126 1627 171 1706 τῷ
191 1623 237 1702 Η,
261 1621 455 1705 διαστήματι
475 1617 511 1685 δὲ
530 1630 575 1709 τῷ
592 1626 664 1686 ΗΘ
685 1623 806 1698 κύκλος
824 1625 1132 1708 γραφόμενος-ἔσται

125 1736 165 1811 τῇ
193 1724 297 1792 θέσει.
342 1727 525 1813 γεγράφθω
556 1725 612 1792 καί
644 1730 725 1792 έστω
755 1728 773 1794 ὁ
801 1732 911 1793 ΚΘΛ.
957 1727 1057 1795 θέσει
1082 1730 1132 1813 ἄρα

74 1841 108 1890 18
127 1831 218 1897 ε’σιὶν
241 1815 259 1898 δ
283 1837 391 1897 ΚΘΛ.
436 1833 530 1898 θέσει
558 1830 672 1898 δὲκαὶ
695 1833 715 1917 η
740 1837 809 1900 ΓΔ.
830 1866 833 1873 ·
856 1830 962 1899 δοθὲν
985 1836 1054 1920 ἄρα
1076 1828 1132 1901 έσδ

125 1938 163 2004 τὸ
188 1943 217 2003 Θ
246 1951 391 2023 σημεῖον.
441 1942 510 2004 ἔστι
538 1936 575 2004 δὲ
602 1938 658 2005 καί
681 1940 719 2004 τὸ
742 1945 782 2005 Η
804 1939 922 2023 δοθέν·
954 1938 1056 2007 θέσει
1082 1942 1132 2025 ἄρα

127 2042 217 2109 ἐστὶν
239 2045 260 2128 ή
283 2049 323 2109 Η
326 2049 363 2110 8.
400 2043 493 2110 θέσει
516 2042 553 2109 δὲ
575 2043 631 2110 καί
653 2045 674 2128 ή
695 2049 764 2113 ΓΔ.
780 2039 784 2045 ’
801 2047 941 2112 δοθεῖσα
965 2048 1033 2134 ἄρα
1056 2044 1133 2143 έστὶι

126 2149 146 2232 ή
169 2148 235 2214 ὑπὸ
254 2159 322 2214 τῶν
345 2154 385 2214 Η
390 2154 451 2215 ΘΔ
473 2153 587 2233 γωνία.
632 2154 691 2216 καί
711 2151 780 2216 έστι
803 2163 843 2238 τῇ
865 2151 932 2217 ὑπὸ
954 2164 1027 2219 τῶν
1050 2154 1134 2221 ΕΖΔ

128 2261 192 2338 ίση.
238 2255 378 2320 δοθεῖσα
405 2257 469 2342 ἄρα
495 2254 551 2321 καὶ
578 2258 599 2341 ή
626 2257 691 2323 ὑπὸ
718 2269 786 2323 τῶν
808 2263 915 2322 ΕΖΔ.
961 2257 1020 2325 καὶ
1048 2258 1134 2341 λοιπή

75 2371 109 2420 20
129 2362 193 2447 ίίρα
217 2360 237 2444 ἡ
260 2360 326 2426 ὑπὸ
349 2362 417 2427 τῶν
437 2367 532 2443 ΖΕΒ
557 2364 697 2429 δοθείσοί
721 2363 820 2429 έστιν.
880 2438 883 2443 ,

601 2555 668 2622 λδ’.’

175 2667 267 2773 γἘδιν
290 2684 338 2757 είς
357 2636 592 2767 παραλλήλους
618 2689 658 2765 τῇ
681 2678 774 2775 θέσει
802 2678 985 2765 δεδομένας
1012 2684 1139 2759 εὐθείας

127 2785 190 2852 ἀπὸ
215 2785 396 2872 δεδομένου
416 2790 553 2871 σημείου
573 2787 689 2852 εὐθεῖα
707 2790 839 2873 γραμμή
858 2786 959 2874 ἄχθη,
984 2791 1035 2867 είς
1053 2792 1138 2857 δεδο

125 2891 227 2977 μένον
250 2896 351 2975 λόγον
373 2894 585 2976 τμηθήσεται.

198 3122 221 3171 5
246 3115 316 3188 γρ]
341 3134 425 3186 supra
448 3118 512 3174 add
537 3137 572 3174 m.
593 3125 658 3173 8v.
750 3125 774 3174 8.
798 3121 866 3191 τῶν]
891 3066 952 3176 del
969 3139 1010 3179 m.
1031 3124 1137 3190 wat„

127 3204 180 3242 om.
201 3204 225 3241 ο.
300 3193 341 3242 11.
361 3187 430 3242 Ροελ
450 3192 503 3242 ΕΖ
522 3190 587 3246 add.
607 3187 722 3260 μγεέθει
739 3185 863 3246 Πολι
938 3196 982 3247 11.
1003 3194 1049 3268 τό]
1067 3204 1136 3268 τήν

163 3263 204 3312 13.
225 3278 260 3312 ιιο
252 3257 337 3330 ἀλος]
357 3275 445 3328 comp.
461 3278 486 3314 a.
561 3267 602 3316 14.
607 3210 821 3332 μΡοελθέσειήρ
821 3280 842 3316 r
844 3261 934 3332 )add.
950 3264 1136 3336 δεδομέναι,

161 3346 249 3399 γεγρα
241 3327 317 3399 ἰιφθ
339 3347 416 3400 -·.p
437 3336 479 3400 58,
499 3336 540 3386 10.
561 3329 651 3388 δοθὲν
670 3331 726 3400 ἄρα
707 3334 738 3405 α]
762 3349 815 3389 om.
793 3265 882 3387 (phio
900 3349 932 3401 ος
960 3349 1062 3391 eorum
1082 3336 1138 3391 low

124 3403 239 3469 propter
252 3401 518 3456 transmutationem
527 3402 660 3457 foliorum
674 3405 710 3472 (u.
720 3404 807 3473 praef.
809 3407 819 3475 )
832 3402 1051 3479 repen'unturp
1045 3394 1100 3535 ,ίρ
1109 3408 1137 3459 λλ

126 3472 319 3541 τριγώνοο-
341 3490 369 3543 p.
392 3478 434 3545 80,
459 3473 545 3528 λέπλ
566 3474 618 3544 τήν
641 3478 700 3528 ΑΓ.
792 3480 833 3529 18.
861 3476 968 3548 ΗΘΔ]
994 3480 1049 3535 ΘΔ
1096 3476 1137 3543 ⁸8„
