2356 3818
499 146 664 201 εοΗοιιι.
1020 145 1086 210 265

69 289 155 374 πρὸς
178 289 304 371 ἀλληλα
327 290 425 371 λόγος
444 286 586 372 δέδοται,
609 286 664 353 καὶ
684 297 788 353 ταῦτα
805 289 936 366 πάντας
955 288 1087 356 δέδοται

70 394 111 458 τὰ
129 391 264 477 μεγέθη.
301 393 460 471 πολλάκις
478 394 541 479 γάρ
565 393 583 459 δ
607 390 668 478 μέν
690 397 788 477 λόγος
811 395 922 459 αὐτῶν
944 394 1087 480 δέδοται,

69 499 154 564 αὐτὰ
178 495 215 563 δὲ
238 498 278 564 οὐ
303 498 445 564 δέδοται.

141 615 192 678 20.
231 617 336 678 Τοῦτο
365 613 589 699 ἀντίστροφόν
617 612 689 678 ε’στί
708 635 779 689 πως
805 622 865 678 τοῦ
887 615 951 699 πρὸ
975 614 1087 678 αὐτοῦ.

73 719 113 783 οὐ
138 720 201 805 γάρ
226 721 267 802 δὴ
287 723 436 786 καθόλου
456 719 574 806 ῥητέον
594 720 674 785 αὐτὸ
694 719 927 806 ἀντίστροφον.
964 714 1006 801 ἦν
1024 720 1087 805 γὰρ
1124 734 1141 783 5

71 824 114 890 ἀν
137 827 175 896 τὸ
199 824 423 912 ἀντίστροφον
450 827 487 890 τὸ
510 829 660 891 καθόλου
685 827 738 890 όν·
771 825 830 890 ἐὰν
852 824 977 911 μεγέθη
1005 826 1088 910 πρὸς

71 933 198 1014 ἀλληλα
217 935 318 1014 λόγον
337 935 393 1017 ἔχη
408 930 599 1015 δεδομένον,
619 930 752 996 δέδοται
766 941 812 1020 τῷ
826 930 968 1015 μεγέθει.
1001 927 1088 1006 τινές

71 1033 108 1101 δέ
132 1037 169 1101 τὸ
193 1039 352 1124 θεώρημα
375 1039 691 1124 ψευδογραφοῦντες
713 1037 899 1122 ἐπείγονται
922 1038 1088 1103 δεικνύειν

71 1141 296 1228 ἀντίστροφον
325 1145 405 1209 αὐτὸ
433 1152 493 1208 τοῦ
520 1145 585 1230 πρὸ
613 1143 717 1209 αὐτοῦ
749 1149 809 1210 καί
837 1147 873 1208 τί
897 1160 1002 1229 φασιν
1030 1143 1087 1219 ὡς·

71 1247 131 1312 ε’διν
157 1246 281 1332 μεγέθη
309 1251 385 1315 τινά
417 1252 518 1332 λόγον
546 1252 602 1335 ἔχη
633 1250 717 1336 πρὸς
744 1252 870 1334 ἄλληλα
898 1248 1088 1335 δεδομένον,
1108 1264 1144 1313 10

72 1353 207 1419 δέδοται
230 1364 275 1443 τῷ
299 1354 442 1440 μεγέθει.
540 1354 544 1360 ’

139 1470 192 1533 21.
224 1468 290 1535 Καὶ
319 1473 400 1536 έστω
429 1471 447 1536 ὁ
475 1477 535 1534 τοῦ
559 1471 592 1533 Γ
618 1492 648 1554 p.
669 1470 707 1554 6,
735 1469 791 1553 20]
826 1468 957 1535 δέδοται
985 1468 1041 1535 καὶ
1069 1470 1087 1535 ὁ

71 1583 133 1639 τοῦ
153 1577 186 1639 Γ
202 1577 286 1662 πρὸς
308 1577 345 1641 τὸ
364 1582 397 1640 Δ
420 1578 518 1657 λόγος
541 1575 598 1638 διὰ
620 1575 657 1638 τὸ
677 1573 901 1659 ἀντίστροφον
918 1584 979 1638 τοῦ
997 1575 1088 1660 ὅρον.

72 1679 206 1746 δέδοται
229 1679 266 1745 δέ
289 1689 349 1746 τοῦ
372 1687 405 1745 Α
432 1682 516 1766 πρὸς
538 1680 575 1744 τὸ
600 1682 633 1744 Γ
656 1682 754 1761 λόγος
782 1679 838 1742 διδ
863 1687 923 1742 τοῦ
946 1677 989 1743 α’.
1036 1677 1088 1743 δέ-

72 1788 168 1851 δοται
196 1784 234 1851 δὲ
261 1784 315 1851 καὶ
345 1794 406 1851 τοῦ
432 1790 460 1849 Β
493 1786 577 1871 πρὸς
602 1785 640 1849 τὸ
663 1790 697 1848 Λ
725 1785 823 1866 λόγος
850 1783 907 1847 διὰ
932 1785 970 1848 τὸ
999 1783 1088 1850 ἀντι·
1108 1800 1143 1849 16

72 1896 235 1978 στρόφιον
272 1900 332 1957 τοῦ
369 1891 461 1976 ὅρου.
522 1896 596 1955 ἴσον
628 1890 691 1975 γὰρ
725 1889 814 1976 αὐτῷ
847 1897 893 1975 τῷ
926 1893 954 1952 Β
987 1891 1024 1954 τὸ
1056 1896 1089 1954 Δ

70 2002 267 2084 πεπόρισται
292 1996 328 2061 έν
352 1992 519 2082 δεδομένῳ
544 1997 641 2082 λόγῳ.

142 2122 193 2184 22.
216 2117 309 2183 ’Ίσον
332 2120 397 2204 ἀρα
419 2141 450 2203 p.
469 2121 498 2202 6,
517 2117 575 2202 23]
600 2119 656 2182 διὰ
674 2127 734 2183 τοῦ
752 2116 792 2183 θ’
810 2126 871 2182 τοῦ
894 2115 931 2182 ε’.
967 2120 1030 2204 χρὴ
1053 2114 1090 2183 δὲ

72 2226 266 2308 γινώσκειν,
298 2225 349 2290 ότι
376 2225 417 2289 τδι
445 2231 500 2294 ίσα
530 2223 586 2289 καὶ
613 2226 650 2290 τὸ
680 2226 760 2291 αὐτὸ
789 2223 898 2309 λέγειν
924 2224 962 2290 έν
989 2224 1088 2290 ἐστιν.

71 2332 89 2397 ὃ
115 2332 178 2418 γάρ
203 2331 292 2397 ε’στιν
316 2337 390 2396 ίσον
412 2334 490 2415 τινί,
513 2330 569 2396 καὶ
591 2333 629 2397 τὸ
649 2332 731 2398 αὐτό
754 2331 845 2397 ἐστιν
868 2331 982 2420 ἐκείνῳ
1004 2333 1088 2398 κατὰ
1106 2346 1143 2396 20

70 2442 133 2524 τὴν
159 2441 301 2522 ίσότητα.
347 2438 409 2504 οὐκ
437 2437 647 2525 ἀντιστρέφει
675 2437 727 2503 δέ·
760 2438 801 2503 οὐ
829 2440 891 2525 γὰρ
916 2439 995 2524 ὅπερ
1019 2436 1088 2503 έστλ

72 2547 110 2610 τὸ
135 2545 215 2609 αὐτό
239 2567 316 2628 τινι,
338 2542 394 2609 καὶ
418 2551 492 2609 ίσον
516 2543 606 2610 ἐστὶν
630 2544 756 2631 έκείνφ·
781 2544 922 2608 δόναται
945 2543 1009 2628 γάρ
1032 2541 1088 2606 καὶ

72 2652 155 2715 κατὰ
177 2653 335 2734 ποιότητα
358 2652 461 2735 τυχὸν
482 2651 520 2714 τὸ
544 2650 625 2714 αὐτὸ
649 2644 744 2712 εἶναι.

109 2841 457 2966 22206²Ilzleat.vC¹M0n.
473 2842 619 2908 (superscr.
633 2845 683 2892 τοῦ
699 2834 841 2908 δευτέρον)
856 2853 921 2905 σρο.
979 2842 1022 2894 21.
1041 2854 1087 2895 vo.

146 3094 170 3143 1.
190 3090 291 3160 ταῦτα]
305 3087 369 3141 fort.
384 3084 465 3141 αθτά.
521 3092 545 3141 4.
565 3084 765 3210 ἀπλπροφρν]
784 3105 844 3142 ·ιον
861 3085 907 3140 Pl.
963 3090 987 3141 ό.
1006 3085 1089 3158 αάτό]

71 3160 103 3215 τό
123 3159 142 3213 l.
209 3157 408 3228 ἀντίστροφον]
428 3176 486 3212 -ιον
505 3157 593 3226 Mon„
612 3155 682 3211 item
743 3163 792 3212 ,6.
858 3162 881 3212 6.
902 3156 951 3229 ἀν]
970 3174 1023 3211 om.
1043 3172 1087 3212 vr.

109 3229 235 3302 τό(ει1λ.)]
256 3247 308 3283 om.
328 3229 403 3282 Mon.
477 3232 502 3281 8.
521 3227 564 3300 τό]
580 3245 633 3282 om.
643 3227 838 3298 Vat.O¹Mon.‚
852 3232 890 3300 τῷ
899 3228 918 3282 1.
981 3228 1089 3298 ψευδο-

72 3317 319 3458 γραφοῦντεςΙ]-σέ
328 3334 473 3414 ΡΝοδΝς
493 3331 597 3414 -γραφ”
615 3333 661 3402 0¹3
681 3332 799 3404 -γράφει
813 3334 888 3388 Mon.
962 3338 986 3389 9.
1005 3331 1089 3477 αὐτό]

73 3425 127 3461 om.
147 3408 223 3461 Mon.
254 3421 345 3459 οοιιοιι
365 3404 465 3458 τελιολα
484 3409 500 3458 ὁ
520 3404 575 3460 htt.
667 3410 708 3459 14.
730 3406 771 3476 Γ]
790 3407 808 3476 β
827 3422 849 3459 o.
940 3411 990 3459 τοῦ
1004 3401 1096 3477 (ολδ)Ι

70 3477 103 3531 τό
124 3495 146 3531 σ.
221 3481 262 3530 19.
282 3473 372 3546 λέγειν
390 3475 439 3530 καλ
456 3475 488 3529 τὸ
507 3474 575 3530 αάτό
595 3474 635 3530 0².
1093 3550 1114 3583 Α
