2356 3818
126 119 192 182 224
538 121 728 173 APPENDIX.

125 260 181 327 καὶ
208 263 245 326 τὸ
273 261 336 327 ἀπὸ
364 271 422 347 τῆς
444 266 524 327 ΑΒ·
558 263 698 328 ὀοθεϊσα
725 263 790 347 ὀλρα
816 262 838 346 ἡ
865 265 943 327 ΑΒ.
987 263 1047 327 καί
1070 260 1130 326 ἐστι

126 370 224 449 λόγος
242 377 299 452 τῆς
313 372 378 432 ΑΒ
397 370 480 454 πρὸς
493 369 562 432 ΒΓ
574 369 702 445 ὀοθείς·
722 369 863 434 δοθεῖσα
879 369 947 454 ἄρα
963 366 1021 434 καὶ
1033 367 1054 451 ἡ
1067 370 1129 433 ΒΓ.

437 654 576 735 Λῆμμα
598 657 666 715 τοῦ
690 648 826 715 ἐπάνω.

192 814 273 885 Πῶς
304 808 409 874 ὀοθόν
436 810 505 875 ἐστι
536 812 573 875 τὸ
605 810 671 875 ὑπὸ
699 820 768 875 τῶν
794 813 900 874 ΑΒΓ
929 807 1125 894 ὀρθογώνιον

91 926 107 974 ὅ
127 914 282 999 ἀμβλείας
304 914 521 1000 ὑποκειμένης
543 925 601 999 τῆς
623 916 689 980 ὑπὸ
713 919 819 981 ΑΒΓ
837 917 975 998 γωνίας;

192 1040 287 1123 ἤχθω
310 1039 375 1105 ἀπὸ
398 1049 459 1104 τοῦ
482 1044 511 1104 Β
535 1043 671 1123 σημείου
694 1040 837 1116 κάθετος
859 1040 880 1123 η
904 1043 979 1123 ΒΛ,
1005 1035 1059 1103 ααλ
1082 1034 1124 1100 ἐν·

126 1146 303 1228 βεβλήσθω
332 1145 353 1228 ἡ
381 1148 443 1209 ΓΔ
471 1142 523 1209 ἐπὶ
550 1146 588 1209 τὸ
619 1148 661 1227 Θ,
692 1142 748 1210 ιιαλ
776 1145 1070 1230 συμπεπληρώσθω
1093 1141 1123 1204 τὸ

125 1254 188 1314 ΒΛ
196 1254 257 1314 ΘΑ
280 1250 505 1335 ὀρθογώνιον·
539 1256 613 1315 λσον
641 1252 705 1336 ώρα
728 1248 799 1315 ἐστὶ
819 1258 866 1338 τῷ
890 1253 966 1315 ΑΓ.
1010 1245 1063 1313 ιιαλ
1082 1244 1123 1311 ἐκ·

125 1358 301 1439 βεβλήσθω
329 1355 439 1439 ηΔΒ
468 1353 521 1420 ἐπὶ
547 1357 585 1421 τὸ
612 1361 655 1439 Ζ,
686 1355 743 1421 καλ
769 1359 894 1422 κείσθω
922 1364 963 1442 τῇ
990 1357 1055 1420 ΒΓ
1078 1358 1122 1433 ἴση

73 1471 107 1520 10
125 1461 146 1544 ἡ
170 1464 243 1545 ΒΖ,
265 1459 321 1525 καὶ
344 1462 641 1549 συμπεπληρώσθω
664 1462 702 1528 τὸ
719 1468 753 1527 Α
759 1468 787 1527 Ζ
809 1462 1030 1549 ὀρθογώνιον.
1067 1453 1123 1523 ἐπεὶ

125 1561 188 1632 οὖν
211 1566 351 1631 ὀοθεῖσώ
375 1566 465 1632 ἐστιν
492 1567 600 1650 ηώπὸ
624 1571 742 1633 ΑΒΓ·
774 1567 947 1632 ὑπόκειται
974 1567 1048 1653 γώρ·
1077 1564 1121 1628 ὀο

124 1678 224 1737 θεῖσα
252 1669 289 1737 δὲ
315 1669 370 1737 ιιαό
397 1671 417 1754 ἡ
445 1673 511 1738 ὑπὸ
535 1677 648 1737 ΑΒΔ·
681 1674 770 1760 ὀρθη
798 1673 876 1760 γώρ·
910 1675 1009 1757 λοιπὴ
1030 1667 1120 1758 ώραὴ

124 1778 190 1842 ὑπὸ
213 1781 320 1842 ΔΒΓ
337 1779 477 1843 ὀοθεῑσώ
501 1778 600 1844 ἐστιν.
645 1777 701 1844 ααλ
723 1779 811 1866 ὀρθη
834 1778 855 1861 η
878 1784 925 1844 Δ·
954 1780 1049 1862 λοιπὴ
1070 1778 1120 1861 ἄρα

125 1884 145 1967 η
171 1887 203 1948 Γ
221 1885 361 1949 ὀοθεῖσώ
384 1884 486 1950 ἐστιν·
511 1882 615 1951 δοθὲν
638 1887 704 1972 ἄρα
725 1886 762 1950 τὸ
786 1888 884 1951 ΒΓΔ
906 1887 1067 1972 τρίγωνον
1084 1887 1120 1968 τῷ

73 1999 107 2048 15
125 1990 220 2054 ελόει·
252 1993 351 2072 λόγος
377 1991 442 2076 ἄρα
469 2000 527 2074 τῆς
555 1995 621 2055 ΛΒ
649 1992 732 2077 πρὸς
758 1992 826 2055 ΒΓ
848 1991 974 2067 ὀοθείς.
1019 1996 1069 2071 λση
1091 1981 1121 2050 ὀό

125 2095 146 2178 η
169 2098 237 2159 ΒΓ
254 2105 294 2180 τῇ
317 2100 394 2160 ΒΖ·
424 2099 523 2178 λόγος
545 2098 610 2181 ἄρα
632 2094 688 2161 καὶ
710 2105 769 2181 τῆς
789 2101 858 2162 ΛΒ
884 2098 970 2183 πρὸς
993 2100 1053 2161 ΒΖ
1077 2093 1121 2158 ὀο

124 2202 212 2276 θείς·
251 2201 334 2265 ὥστε
369 2198 426 2266 καὶ
462 2210 522 2266 τοῦ
558 2206 625 2267 ΒΘ
659 2204 743 2289 πρός
779 2208 845 2267 ΖΑ
880 2205 981 2286 λόγος
1016 2201 1121 2274 ὀοθός·

126 2309 201 2370 ἴσον
242 2302 280 2370 ὀὲ
320 2307 357 2370 τὸ
394 2310 464 2370 ΒΘ
504 2316 550 2394 τῷ
588 2311 675 2372 ΑΓ·
722 2311 820 2391 λόγος
861 2310 926 2395 ἄρα
967 2316 1027 2373 τοῦ
1064 2305 1125 2371 ΑΓ

125 2411 208 2495 πρός
238 2416 305 2476 ΑΖ
337 2413 460 2488 ὀοθείς.
514 2411 571 2477 ιιαλ
607 2409 711 2478 ὀοθόν
742 2415 779 2479 τὸ
811 2417 895 2479 ΑΓ·
933 2410 1038 2479 ὀοθόν
1069 2412 1121 2496 ἄρα

72 2527 107 2576 20
124 2514 180 2582 οιαὶ
209 2518 246 2582 τὸ
274 2522 355 2601 ΑΖ,
378 2516 527 2583 τουτέστι
549 2521 587 2583 τὸ
610 2519 676 2584 ὑπὸ
698 2524 814 2604 ΑΒΖ,
838 2518 991 2586 τουτέστι
1011 2521 1048 2585 τὸ
1067 2515 1120 2583 ὑπὸ

123 2627 232 2688 ΑΒΓ.

128 2799 332 2810 -----

133 2992 136 2997 Ι
194 2917 255 2971 Ηοο
273 2917 376 2972 lemma
395 2936 448 2974 om.
467 2919 566 2989 Hardy
585 2921 614 2974 et
633 2920 792 2990 Gregorius.
829 2938 856 2976 u.
876 2920 965 2976 schol.
984 2940 1024 2978 nr.
1043 2925 1094 2975 187.

138 3285 143 3297 Ι
196 3224 221 3270 ο.
242 3221 368 3305 σορκ.)
401 3224 450 3273 ΒΔ
467 3219 569 3292 vat.,‚‚.
662 3226 686 3275 s.
707 3220 896 3347 οροογιιιοιρ
918 3198 939 3290 λ
960 3222 1046 3293 ωσι,
1062 3219 1115 3273 αα

123 3287 172 3341 hn.
194 3292 236 3342 10.
326 3308 364 3360 τῳ
394 3288 425 3343 τό
443 3289 473 3344 P.
571 3296 612 3345 11.
631 3294 716 3345 ΑΒΓ
729 3290 818 3362 γωνία
835 3292 901 3348 Va.
988 3295 1065 3349 121

123 3362 173 3412 AB
191 3358 221 3414 P.
314 3364 355 3413 13.
377 3357 464 3431 ὀρθή]
487 3370 516 3432 ,λ-
538 3361 568 3416 Ρ.
661 3366 703 3418 15.
722 3364 782 3436 τῆς]
799 3371 849 3419 τοῦ
867 3364 935 3422 Vat.
1024 3367 1061 3418 18.
1076 3361 1106 3430 τῷ

123 3444 155 3500 τό
172 3445 203 3500 P.
