2356 3818
94 150 161 205 VIII
495 151 705 203 PRAEFATIO.

93 296 191 359 nimis
216 299 309 360 caute
332 293 385 358 uel
408 292 559 379 religiose
582 297 732 358 uersatus
757 315 827 359 esse
840 293 970 376 uidear,
994 293 1103 357 memi-

93 401 180 466 nerit
202 400 312 485 uelim,
334 401 369 464 in
390 400 452 464 hac
476 400 617 464 editione
637 400 823 464 adornanda
844 399 877 463 id
896 422 947 464 me
966 398 1105 463 maxime

95 512 273 593 spectasse,
304 512 342 571 ut
369 507 515 571 Euclidis
543 507 644 570 uerba
676 507 716 571 ad
744 506 1045 590 antiquissimorum
1073 509 1106 570 et

96 615 294 699 optimorum
322 613 469 678 codicum
497 613 594 677 fidem
622 613 791 699 exigerem.
841 618 983 678 ceterum
1012 634 1104 696 spero

94 723 164 787 fore
180 726 218 786 ut
230 720 378 785 homines
393 720 593 784 sollertiores
612 723 645 784 et
658 720 894 805 ingeniosiores
907 721 973 785 iam
989 719 1106 784 idonea

96 829 244 895 codicum
271 827 470 911 supellectile
496 825 650 891 instructi
678 849 751 892 cum
782 827 823 892 iis
851 827 946 912 locis,
978 827 1033 910 qui
1065 849 1105 890 ne

95 935 177 1000 mihi
201 934 329 1019 quidem
354 933 434 997 satis
458 933 529 997 sani
553 955 622 997 esse
645 932 709 997 uisi
733 935 812 1014 sint,
839 933 1031 998 medicinam
1055 934 1107 997 ad-

95 1041 211 1124 ferant,
234 1045 305 1103 tum
325 1039 434 1103 ulcera
453 1039 556 1103 adhue
573 1039 710 1103 latentia
730 1040 969 1124 deprehendant
988 1045 1020 1104 et
1036 1061 1107 1124 per-

99 1151 222 1213 sanent.

162 1253 202 1316 In
226 1253 416 1336 adparatum
440 1251 589 1316 criticum
609 1252 755 1318 codicum
774 1249 990 1338 PVatbet)
1009 1251 1107 1336 scrip·

96 1363 204 1423 turam
231 1358 360 1441 plenam
388 1359 550 1444 congessi,
582 1359 617 1422 in
643 1359 685 1423 iis
713 1364 823 1424 autem
850 1358 998 1443 partibus
1021 1357 1107 1442 libri,
1166 1381 1168 1383 ’

96 1464 154 1529 ubi
181 1465 202 1527 b
232 1463 352 1548 deficit,
385 1465 579 1549 scripturam
608 1465 675 1530 cod.
700 1489 719 1530 a
748 1465 869 1551 addidi,
902 1487 1010 1550 quem,
1044 1464 1107 1529 nisi

100 1570 177 1654 quid
201 1574 314 1634 contra
336 1571 526 1636 adnotatum
544 1576 603 1656 est,
626 1572 761 1658 colligas
780 1573 880 1637 uelim
899 1594 972 1636 oum
990 1575 1012 1656 β
1035 1593 1108 1637 con-

98 1676 234 1761 spirare,
267 1676 517 1760 discrepantiam
549 1678 617 1743 cod.
641 1702 657 1741 z
684 1678 854 1763 perpaucis
883 1679 963 1743 locis
990 1679 1026 1742 in
1057 1678 1108 1741 ad-

99 1788 250 1867 paratum
283 1785 397 1868 recepi.
451 1785 572 1870 figuras
606 1785 727 1868 apertis
760 1785 923 1850 erroribus
955 1783 1107 1849 correctis

98 1889 181 1954 tales
206 1888 287 1972 dedi,
311 1891 421 1972 quales
445 1891 483 1954 in
503 1889 667 1955 codicibus
692 1891 870 1973 descriptae
895 1893 978 1952 sunt.

41 2030 44 2034 ‡
166 1981 472 2079 interpretationem
493 1995 646 2060 Latinam
670 1996 709 2059 ad
732 1997 833 2059 uerba
857 1993 988 2077 Graeca,
1011 2012 1109 2074 quan-

101 2106 172 2165 tum
190 2101 261 2165 fieri
279 2107 398 2185 posset,
417 2102 725 2168 adcommodandam
744 2122 813 2164 esse
826 2099 950 2184 putaui.
982 2098 1108 2161 numeri

100 2207 218 2291 quibus
242 2207 327 2272 ‘deff
350 2209 402 2272 uel
425 2208 540 2293 ‘prop'
563 2207 785 2293 praepositum
809 2208 867 2288 est,
891 2204 930 2268 ad
949 2203 1108 2268 Datorum

100 2313 303 2378 definitiones
332 2316 365 2376 et
391 2313 646 2397 propositiones,
674 2311 772 2376 ceteri
801 2310 841 2374 ad
863 2310 1108 2374 Elementorum

99 2418 202 2484 libros
226 2423 258 2483 et
281 2419 521 2503 propositiones
543 2416 702 2482 referendi
726 2420 811 2480 sunt.

167 2524 285 2589 Marini
309 2524 552 2608 commentario,
576 2545 671 2608 quem
693 2522 920 2608 dignissimum
943 2545 1012 2588 esse
1036 2545 1111 2588 con-

103 2636 185 2716 stat,
226 2632 282 2716 qui
323 2630 471 2695 Euclidis
511 2628 595 2692 libro
633 2629 839 2714 adiungatur,
881 2628 1032 2715 contigit,
1072 2634 1110 2694 ut

100 2738 170 2824 ipse
194 2738 325 2821 quidem
348 2758 386 2800 ex
408 2739 501 2819 parte
522 2733 642 2799 Graece
665 2734 755 2818 prius
775 2735 810 2799 in
828 2735 934 2800 lucem
951 2736 1111 2820 proferre-

101 2850 168 2929 tur,
197 2866 293 2928 quam
319 2842 407 2906 Data
436 2841 615 2905 ederentur.
668 2841 787 2906 etenim
815 2865 834 2906 a
862 2840 1013 2935 Grynaeo
1036 2842 1110 2906 Ele-

102 2955 287 3016 mentorum
325 2945 460 3011 editioni
496 2945 667 3012 Basiliensi
707 2971 733 3012 a.
765 2947 848 3015 1533
886 2948 1013 3013 additus
1051 2953 1110 3013 est.

102 3060 217 3144 postea
235 3053 348 3135 Hardy
371 3056 404 3116 et
423 3051 600 3137 Gregorius
623 3075 696 3117 eum
720 3053 917 3119 editionibus
936 3053 1003 3118 suis
1021 3077 1112 3138 prae-

101 3164 289 3248 posuerunt.
324 3157 474 3242 equidem
492 3162 618 3223 textum
636 3161 676 3224 ad
694 3160 791 3224 fidem
814 3161 961 3226 codicum
979 3159 1113 3226 PVat.v

103 3265 268 3334 constitui.

173 3370 316 3457 Scholia,
348 3392 486 3454 quorum
514 3373 689 3437 maximam
715 3378 841 3457 partem
862 3395 886 3466 ⁸e
915 3374 981 3438 cod.
1010 3372 1113 3440 Paris.

104 3477 160 3545 Gr.
183 3479 270 3546 2348
299 3477 494 3562 descriptam
524 3478 604 3545 mihi
633 3479 854 3563 suppeditauit
882 3478 1040 3565 Heiberg,
1074 3503 1115 3545 ex
