2356 3818
123 135 187 199 248
287 139 417 188 MARINI
435 137 656 189 PHILOSOPHI
676 136 960 188 COMMENTARIUS

123 282 264 344 ἄτακτον
297 290 364 343 τῶν
396 277 475 343 καθ’
505 279 586 343 αὑτὸ
619 276 674 342 καὶ
701 275 773 342 κατ’
799 279 891 343 ίδίαν
918 279 1025 362 φύσιν
1052 285 1128 342 θεω-

124 383 296 469 ρουμένων
316 385 415 467 ἐστίν,
438 384 501 449 κάν
524 383 585 468 ὑφ’
606 385 700 469 ἡμῶν
722 386 817 467 μήπω
839 377 1128 468 ’καταλαμβάνηται

123 492 229 556 πολλὰ
247 500 331 573 γοῦν
349 489 528 574 τεταγμένα
548 491 647 575 φύσει
666 490 807 574 ὕστερον
822 487 1022 575 Ἀρχιμήδης
1039 487 1126 566 ἔδειξε

123 609 193 673 τοῖς
215 595 295 682 πρὶν
318 597 359 660 οὐ
382 594 609 681 θεωρηθέντα,
633 596 684 661 ὅτι
706 594 864 661 τέτακται.
907 596 1074 681 γνώριμον
1093 590 1125 658 δὲ

89 701 178 766 οκαλ
202 704 374 785 ἄγνωστον
399 703 482 766 κατὰ
505 703 566 785 τὴν
589 703 672 786 πρὸς
695 702 779 785 ἡμᾶς
802 701 979 787 ἀναφορὰν
1003 701 1123 784 λέγεται.

124 810 206 873 ὥστε
229 806 383 894 διαφέροι
407 808 449 872 άν
472 809 512 872 τά
536 806 691 892 εἰρημένα
715 806 877 891 ἀλλήλων,
904 814 996 893 είπερ
1018 809 1054 872 τὸ
1074 802 1126 890 μέν

123 917 206 1000 πρὸς
229 915 313 999 ἡμᾶς
337 918 401 1000 ἔχει
425 916 486 997 τὴν
509 914 695 998 ἀναφοράν,
718 915 756 977 τὸ
780 910 817 978 δέ
839 915 923 998 πρὸς
941 915 1004 997 τὴν
1023 913 1124 996 φύσιν,

124 1023 160 1085 τὸ
185 1018 221 1086 δὲ
244 1022 326 1106 πρὸς
349 1021 386 1084 τὸ
410 1019 540 1104 μέτρον.

191 1125 409 1212 διωρισμένης
442 1123 478 1190 δὲ
511 1124 566 1189 καὶ
599 1134 657 1209 τῆς
685 1127 862 1200 κοινωνίας
893 1122 950 1188 καὶ
976 1125 1122 1208 διαφορᾶς

72 1243 105 1291 10
124 1244 191 1297 τῶν
209 1230 440 1317 προτεθέντων
460 1229 622 1315 ἑπόμενον
640 1230 683 1294 όλν
702 1237 751 1313 είη
776 1233 904 1314 λοιπόν,
923 1233 958 1294 τί
973 1229 1053 1295 ποτέ
1067 1229 1122 1294 ἐστι

124 1340 161 1401 τὸ
185 1335 365 1420 δεδομένον
389 1336 641 1415 ἐπισκέψασθαι.
679 1337 751 1400 ὅσοι
768 1339 887 1401 τοίνυν
905 1337 942 1400 τὸ
960 1334 1039 1400 καθ’
1055 1335 1122 1399 ὑπό-

124 1450 223 1507 θεσιν
250 1443 428 1526 διδόμενον
455 1442 521 1506 ὑπὸ
545 1451 605 1506 τοῦ
628 1442 876 1527 προβάλλοντος
903 1448 1030 1507 οίονται
1052 1435 1121 1504 εἶναι

125 1551 161 1613 τὸ
186 1547 375 1633 δεδομένον,
400 1548 662 1633 διαμαρτάνουσι
685 1556 745 1612 τοῦ
761 1547 980 1634 ζητουμένου.
1017 1548 1055 1612 τά
1071 1545 1122 1628 γάρ

125 1668 269 1739 στοιχεῖα
300 1655 407 1720 πάντα
439 1666 505 1719 τῶν
534 1653 722 1738 δεδομένων
750 1653 964 1718 συντέτακται
998 1654 1036 1718 οὐ
1061 1647 1123 1735 περὶ

79 1775 106 1822 ιο
126 1770 186 1825 τοῦ
209 1760 288 1825 καθ’
309 1762 473 1826 ὑπόθεσιν
496 1761 662 1843 τοιούτου,
686 1760 729 1836 ὡς
753 1758 877 1836 ἐξεστιν
901 1761 987 1824 ἰδεῖν
1011 1759 1123 1823 ἐπιοῦσι

125 1879 197 1943 ταῖς
233 1865 309 1953 περὶ
343 1868 464 1931 τούτου
496 1868 741 1951 πραγματείαις.
801 1865 854 1930 διὸ
887 1866 941 1929 δεῖ
970 1863 1026 1929 κοιλ
1055 1865 1124 1948 ημᾶς

126 1972 270 2057 ἀφέντας
292 1975 353 2056 την
376 1975 535 2056 τοιαύτην
557 1972 726 2054 ὑπόληψιν
744 1973 822 2047 τοὺς
840 1972 929 2056 παρὰ
947 1982 1016 2036 τῶν
1034 1972 1125 2042 άλλως

126 2079 326 2164 ὁριζομένων
361 2082 480 2160 λόγους
509 2076 668 2154 ἐξετάσαι·
702 2080 791 2141 ἔσται
822 2074 859 2142 δέ
886 2078 924 2141 τὸ
951 2075 1030 2141 καθ’
1057 2075 1124 2139 ὑπό-

125 2191 224 2248 θεσιν
252 2185 428 2266 διδόμενον
456 2185 494 2250 τὸ
523 2183 718 2259 ἀκολούθως
749 2194 821 2259 ταῖς
848 2181 964 2267 άρχαῖς
992 2179 1125 2266 θεωρού·

73 2301 236 2372 νόμενον.
282 2288 447 2373 ὁρίζονται
471 2290 512 2372 δὴ
542 2291 576 2354 οί
601 2285 661 2373 μέν
689 2289 919 2372 όνομαστικοῖς
941 2289 1034 2373 ὅροις
1055 2286 1125 2371 χρά-

126 2417 219 2478 μενοι
249 2392 301 2459 ἑνί
325 2419 392 2460 τινι
420 2407 487 2460 τῶν
515 2393 697 2481 εἰρημένων
730 2396 811 2460 αὐτὸ
838 2397 1126 2480 χαρακτηρίζοντες,

127 2502 171 2577 ὡς
195 2500 231 2566 ἐν
254 2501 338 2588 ἀρχῇ
362 2508 496 2587 εἴρηται.
542 2500 662 2575 πάντες
687 2498 724 2565 δὲ
747 2502 867 2585 σχεδὸν
890 2501 1002 2587 ὥσπερ
1025 2499 1127 2580 κοινην

126 2611 260 2673 ἔννοιαν
283 2606 357 2693 περὶ
379 2616 438 2671 τοῦ
458 2604 639 2690 δεδομένου
658 2608 817 2671 δοκοῦσιν
835 2606 1021 2690 ἐσχηκέναι·
1044 2627 1127 2670 κατα-

127 2715 252 2795 ληπτὸν
273 2713 336 2797 γάρ
361 2736 393 2776 τι
416 2712 498 2777 αὐτὸ
518 2708 603 2776 εἶναι
622 2711 799 2795 ὑπέλαβον,
823 2712 868 2788 ὡς
886 2712 968 2777 αὐτὸ
989 2712 1128 2797 ἐμφαίνει

73 2829 108 2878 25
127 2819 164 2883 τὸ
188 2828 247 2882 τοῦ
271 2817 452 2902 δεδομένου
476 2819 590 2901 ὄνομα,
614 2815 669 2881 καὶ
687 2817 829 2901 μάλιστα
847 2819 882 2882 οί
898 2820 935 2882 τὸ
959 2817 1039 2884 καθ’
1059 2818 1129 2882 ὑπό-

126 2929 224 2986 θεσιν
259 2923 440 3007 δεδομένον
470 2923 731 3008 ὑπογράφοντες.
791 2927 873 2988 ε”νιοι
912 2920 948 2988 δὲ
985 2927 1067 3009 πρὸς
1098 2922 1130 2985 τό

127 3028 405 3111 συγχωρούμενον
428 3030 624 3114 ἀπέβλεψαν.
662 3031 825 3114 χρώμενοι
849 3030 890 3112 δὴ
910 3028 966 3094 καὶ
985 3029 1076 3115 ἡμεῖς
1091 3035 1130 3114 ιφ

127 3131 287 3221 είρημένφ
330 3134 438 3220 ὥσπερ
478 3138 595 3200 κανόνι
635 3134 690 3199 καλ
726 3138 884 3222 κριτηρίφ
927 3137 1130 3220 δυνησόμεθα

199 3330 222 3378 1.
247 3325 317 3394 τῶν]
335 3332 384 3378 τοῦ
403 3326 468 3379 Vat.
559 3323 619 3399 καί]
639 3343 692 3380 om.
711 3327 741 3381 P.
832 3324 1051 3399 θεωρουμένων]
1068 3329 1129 3380 θεω·

127 3395 266 3464 ροόμενον
284 3397 349 3450 Vat.
411 3401 435 3450 3.
455 3397 536 3467 γοῦν]
557 3394 608 3452 οὖν
622 3397 686 3451 Vah.
746 3401 771 3451 4.
791 3398 858 3465 πρὶν
874 3398 920 3468 οὐ]
940 3396 1045 3467 ὠρίνου
1062 3397 1128 3460 vat.;

126 3463 246 3536 σωρίνον
265 3466 325 3522 cod.
340 3466 405 3522 vat.
420 3465 466 3523 Gr.
482 3471 542 3527 202.
605 3472 645 3524 10.
667 3467 736 3542 ἐστι]
755 3466 829 3528 ἐστιν
847 3468 900 3527 Pv.
958 3475 1001 3525 12.
1021 3465 1129 3535 οἴονται]
