2356 3818
531 162 637 212 DATA.
1054 155 1096 220 85

71 305 156 370 data
174 306 225 368 est
242 303 319 389 [def.
335 301 379 387 2].
416 307 450 368 et
468 303 563 367 datus
583 306 633 366 est
654 306 794 378 [ΒΑΔ.
828 323 926 386 quare
944 299 980 369 Δ
994 305 1096 366 ΑΒΔ

70 411 175 476 datus
199 413 250 476 est
274 409 381 494 speeie
409 409 514 493 [prop.
532 407 662 492 XLIV]
707 409 819 492 itaque
843 411 980 483 [ΑΒΔ
1001 408 1095 472 datus

70 521 127 581 est
152 516 228 601 [def.
249 515 293 600 3].
338 538 452 580 uerum
478 514 577 579 etiam
600 517 738 590 [ΒΑΓ
761 515 856 578 datus
880 518 939 578 est.
983 513 1096 598 itaque

72 623 180 688 etiam
198 623 341 707 reliquus
361 625 498 697 [ΑΓΒ
517 622 611 686 datus
631 625 681 686 est
696 620 736 706 [1,
750 621 806 707 323
823 642 938 705 propp.
951 619 1011 705 111,
1024 619 1095 704 IV].

72 751 159 815 ergo
183 728 366 815 triangulus
389 731 496 792 ΑΒΓ
514 728 610 791 datus
634 733 684 792 est
707 728 812 812 speeie
836 728 941 812 [prop.
961 725 1043 810 XL].

533 920 647 986 XLVI.

149 1042 184 1109 Si
202 1043 385 1130 triangulus
404 1067 505 1108 unum
525 1044 681 1130 angulum
696 1045 808 1109 datum
826 1045 926 1110 habet
946 1049 979 1109 et
993 1045 1096 1110 latera

73 1151 185 1224 aliurn
217 1151 373 1237 angulum
401 1150 707 1236 comprehendentia
734 1151 770 1214 in
797 1174 898 1215 unum
926 1151 1098 1216 coniuncta

72 1259 121 1325 ad
145 1257 308 1343 reliquum
330 1256 490 1321 rationem
509 1257 632 1320 habent
655 1257 775 1342 datam,
797 1257 980 1343 triangulus
1002 1259 1097 1322 datus

72 1369 132 1429 est
158 1363 272 1448 specie.

151 1469 196 1533 sit
219 1468 404 1554 triangulus
422 1472 529 1533 ΑΒΓ
546 1491 648 1533 unum
668 1469 791 1534 habens
811 1470 967 1556 angulum
986 1471 1098 1534 datum

72 1578 195 1661 ΑΒΓ,
219 1579 252 1638 et
270 1575 373 1638 latera
386 1574 486 1638 alium
501 1574 657 1658 angulum
671 1577 772 1639 ΒΑΓ
790 1575 1096 1660 comprehendentia
1114 1651 1122 1666 .

69 1683 108 1748 h.
137 1703 166 1744 e.
199 1684 262 1744 BA
282 1685 321 1760 -[-
344 1683 414 1743 ΑΓ
442 1679 482 1742 ad
515 1681 583 1743 ΒΓ
611 1680 772 1744 rationem
803 1680 946 1744 habeant
979 1681 1097 1746 datam.

73 1788 171 1873 dieo,
194 1785 394 1871 triangulum
416 1787 523 1849 ΑΒΓ
541 1786 653 1850 datum
676 1807 747 1850 esse
771 1786 886 1870 speeie.

152 1897 279 1957 secetur
315 1891 402 1956 enim
438 1895 592 1967 [ΒΑΓ
627 1893 662 1955 in
694 1893 773 1956 duas
806 1896 916 1977 partos
949 1892 1098 1976 aequales

69 2004 172 2066 reeta
191 2004 265 2063 ΑΔ.
301 2020 399 2082 quare
418 2001 481 2061 BA
497 2000 536 2079 -[-
553 2001 640 2061 AF:
656 2001 718 2062 ΓΒ
733 2029 773 2050 =
788 2002 856 2063 AB
871 2022 877 2062 :
893 2001 955 2062 ΒΔ
979 1997 1049 2084 [VI‚
1064 2000 1097 2084 33

562 2103 604 2188 V,
624 2106 676 2189 163
699 2102 739 2186 V,
761 2104 825 2189 12].
871 2127 985 2168 uerum
1012 2104 1097 2170 ratio

377 2192 405 2244 Α
564 2213 632 2273 ΒΑ
653 2215 690 2289 ÷
711 2214 804 2275 Ar:
823 2213 885 2275 ΓΒ
927 2212 1003 2276 data
1039 2216 1097 2276 est.

562 2316 673 2400 itaque
702 2317 802 2382 etiarn
824 2317 909 2382 ratio
933 2321 998 2381 AB
1013 2341 1020 2381 :
1035 2322 1098 2382 ΒΔ

565 2423 641 2487 data
669 2427 719 2487 est
747 2423 822 2507 [def.
846 2423 891 2507 2].
942 2428 975 2488 et
1002 2424 1097 2488 datus

566 2532 616 2592 est
639 2532 783 2604 [ΑΒΔ.
826 2551 924 2613 quare
947 2529 1098 2596 ΔΑΒΔ

565 2635 660 2699 datus
680 2638 730 2698 est
749 2634 854 2718 speeie
879 2634 983 2718 [prop.
998 2633 1097 2717 XLI}

292 2695 324 2749 Δ
471 2675 504 2723 I*
564 2740 675 2823 itaque
722 2744 871 2814 [ΒΑΔ
913 2740 1007 2803 datus
1049 2743 1098 2802 est

73 2846 161 2935 [def.
181 2845 224 2930 3].
263 2851 296 2911 et
319 2869 357 2911 eo
381 2847 486 2911 maior
509 2849 559 2910 est
582 2846 680 2929 duplo
700 2847 839 2920 [ΒΑΓ.
877 2867 975 2930 quare
999 2844 1097 2909 etiam

75 2956 221 3033 [ΒΑΓ
248 2953 342 3018 datus
375 2957 425 3018 est
455 2953 559 3036 [prop.
582 2951 638 3035 11].
684 2974 797 3015 uerum
830 2952 929 3018 etiam
962 2955 1103 3029 [ΑΒΓ

76 3062 180 3126 datus
209 3064 268 3125 eet.
315 3060 426 3144 itaque
454 3059 553 3125 etiam
579 3057 722 3142 reliquus
751 3061 888 3133 [ΑΓΒ
921 3060 1015 3125 datus
1048 3064 1098 3124 est

77 3167 214 3252 [1‚32;
250 3187 363 3249 propp.
390 3165 456 3250 111,
484 3165 560 3248 IVJ.
615 3187 692 3250 ergo
725 3165 884 3233 ΔΑΒΓ
916 3167 1011 3231 datus
1048 3169 1098 3229 est

79 3272 191 3357 speeie
214 3271 319 3355 [prop.
339 3270 420 3355 XL}

84 3433 163 3552 ἔ19.
188 3428 286 3498 ΒΑΓ]
311 3431 384 3481 ΓΑΒ
408 3427 434 3480 b.
527 3431 568 3480 23.
594 3424 667 3481 ἐστίν
686 3443 711 3481 v.
803 3423 864 3497 καί]
883 3442 935 3480 om.
955 3441 980 3478 v.
1054 3429 1098 3478 24.

98 3517 160 3552 στιν
177 3516 203 3552 v.
