2356 3818
328 180 333 188 .
376 131 481 184 narn.
873 132 936 198 105

52 277 96 358 ct,
114 273 170 356 qui
189 273 384 358 relinquitur
403 278 529 350 [ΓΑΔ
548 275 642 340 datus
662 277 724 341 erit
743 276 848 361 [prop.
864 275 936 360 IV]

59 379 158 444 etiam
182 383 315 456 [ΓΔΑ
337 381 432 446 datus
455 385 519 466 eat3
544 404 621 446 nam
643 388 750 447 rectus
774 386 831 447 eet
877 381 937 446 ita·

52 484 151 569 iquus
175 489 311 562 [ΛΓΔ
333 487 429 552 datus
448 492 498 552 est
517 487 558 572 [1,
576 488 634 565 323
656 509 769 572 propp.
788 487 847 572 III,
864 487 935 572 IVJ.

52 591 204 660 ΔΑΓΔ
231 592 327 656 datus
355 597 407 657 eet
434 593 539 677 specie
571 593 675 678 [prop.
699 592 780 676 XL}
824 592 936 676 itaque

52 701 92 762 'A
106 721 114 761 :
128 704 195 762 ΑΔ
217 699 295 765 data
310 702 369 764 -est
391 698 467 783 [def.
489 699 532 783 3].
580 699 636 763 sed
658 698 743 763 ratio
767 703 834 762 ΛΑ
847 720 855 762 :
869 703 936 763 ΑΒ

54 809 94 869 st.
160 826 259 888 quare
295 804 395 870 etiarn
430 805 515 870 ratio
554 808 618 869 ΓΑ
636 828 643 867 :
662 809 733 869 AB
775 805 851 868 data
887 809 937 868 eat

52 909 152 994 vm}
199 914 232 974 et
255 911 332 974 data
354 914 404 974 est
428 915 499 974 BA.
544 932 623 996 ergo
647 911 746 974 etiam
769 913 841 975 ΑΓ
863 911 938 976 data

52 1038 101 1100 op.
123 1015 197 1100 Π].’
228 1019 260 1080 et
284 1020 334 1080 est
356 1015 497 1080 latitudo
520 1016 619 1100 spatii
643 1016 803 1101 adplicati.

370 1209 487 1275 LVIII.

52 1335 161 1397 datum
184 1333 326 1417 spatium
349 1333 444 1397 datae
462 1337 569 1398 rectae
587 1334 767 1418 adplicatur
785 1336 935 1401 deficiens

55 1439 161 1523 specie
185 1440 273 1523 data,
299 1438 489 1503 latitudines
518 1439 616 1523 spatii
639 1441 818 1506 deficientis
842 1443 935 1506 datae

52 1676 67 1716 n
90 1653 203 1716 datum
227 1651 369 1737 spatium
391 1655 462 1716 ΑΓ
479 1653 574 1716 datae
595 1658 662 1716 ΑΔ
684 1652 863 1736 adplicetur
886 1653 937 1716 de·

52 1760 159 1844 figura
177 1758 282 1841 specie
299 1758 376 1821 date
390 1759 459 1822 ΓΔ.
493 1757 575 1841 dico,
592 1761 763 1842 utramque
784 1760 858 1840 ΒΓ,
873 1761 936 1821 ΒΔ

383 1863 492 1926 datam
515 1884 594 1926 ease.

105 1967 148 2016 Η
232 1963 262 2016 Θ
309 1976 331 2026 Ζ
441 1972 567 2033 secetur
591 1967 677 2031 enim
700 1975 770 2033 ΑΔ
796 1968 934 2033 induas

381 2079 490 2158 partes
518 2073 668 2159 aequales
695 2073 731 2137 in
752 2078 874 2158 puncto
897 2079 935 2139 E.

380 2180 491 2262 itaque
510 2180 586 2244 data
604 2186 655 2246 est
673 2187 740 2246 ΕΔ
760 2181 864 2266 [prop.
878 2180 934 2265 Π].

381 2290 415 2350 et
449 2291 656 2352 construatur
691 2289 726 2352 in
757 2293 826 2352 EA
856 2289 937 2372 figu-

381 2413 436 2455 rae
465 2394 531 2456 ΓΔ
563 2392 679 2458 similis
716 2398 749 2458 et
785 2393 935 2458 similiter

381 2496 489 2580 posita
527 2498 638 2583 figura¹
667 2498 835 2563 rectilinea
870 2501 935 2562 EZ

383 2601 463 2688 ΠΙ,
490 2603 565 2688 18],
599 2608 632 2668 et
664 2603 865 2668 describatur
900 2602 936 2665 fi-

382 2728 471 2793 gura.
521 2709 631 2792 itaque
655 2708 754 2772 etiam
773 2711 836 2771 EZ
860 2707 936 2770 data

381 2819 431 2879 est
444 2815 550 2899 specie
571 2814 647 2898 [def.
662 2814 707 2898 3].
733 2817 766 2878 et
780 2813 934 2898 quoniam

52 2920 177 2980 erecte
203 2921 272 2981 EA
303 2918 408 3002 figura
436 2920 540 3005 specie
568 2921 644 2984 data
672 2925 858 2985 constructa
884 2926 935 2986 est

52 3024 101 3084 ΞΖ
130 3022 206 3086 data
238 3025 300 3088 erit
327 3026 549 3111 magnitudine
578 3026 682 3111 [prop.
701 3025 783 3112 LIl].
829 3033 862 3092 et
885 3033 935 3094 eat

60 3131 178 3209 Am
195 3132 263 3194 ΚΘ
286 3130 325 3215 [1,
340 3133 396 3216 36;
418 3131 474 3216 VI,
489 3134 546 3217 263
568 3131 675 3218 l,43].
722 3156 819 3218 quare
836 3135 936 3228 etiam

62 3236 95 3296 K
100 3239 128 3298 Θ
151 3236 244 3300 datae
264 3241 340 3300 sunt
358 3237 581 3322 magnitudine
603 3238 678 3323 [def.
700 3240 742 3324 l].
779 3244 813 3304 et
829 3240 937 3323 figura

52 3389 151 3514 ξεΡΙῖει]
171 3392 267 3447 om.b.
340 3399 383 3447 23.
404 3395 468 3466 ΕΖ]
490 3396 621 3450 ezVat.
694 3391 821 3465 24.’καί]
838 3407 936 3449 om.v.

52 3477 58 3510 v
122 3505 127 3516 .
