2356 3818
122 133 187 197 252
286 135 416 184 MARINI
434 133 656 185 PHILOSOPHI
674 133 964 186 COMMENTARIUS

122 274 311 360 δεδομένον.
349 275 367 341 ὑ
391 272 428 340 δὲ
451 276 488 339 τὸ
512 277 681 360 γνώριμον
705 276 771 358 ἅμα
791 272 848 339 καὶ
866 273 1067 359 τεταγμένον
1084 275 1135 339 διὰ

123 384 160 447 τὸ
183 382 403 466 ὑπερβάλλειν
426 381 464 445 τὸ
488 384 706 466 προκείμενον
730 380 792 464 οὐχ
813 380 913 465 ὑγιὴς
934 384 1040 447 ἔσται·
1063 377 1136 446 οὐδὲ

125 489 188 573 γὰρ
211 497 278 552 πᾶν
301 488 338 552 τὸ
357 495 489 552 τοιοῦτο
508 485 688 571 δεδομένον
708 485 806 552 ἐστίν.
843 489 942 570 μόνοι
963 490 1006 572 δὴ
1026 489 1135 552 λοιπὸν

125 595 262 658 δοκοῦσι
294 599 530 658 καθικνεῖσθαι
561 602 620 676 της
651 591 783 668 ἐννοίας
809 601 869 656 τοῦ
898 592 1082 678 δεδομένου
1107 595 1138 658 οἱ

89 712 105 759 5
124 702 294 785 γνώριμον
322 701 387 784 ἅμα
414 698 470 763 καὶ
492 702 636 785 πόριμον
659 699 741 764 αὑτὸ
765 693 852 764 εἶναι
874 698 1134 784 ἀποφηνάμενοι·

125 809 162 873 τὸ
185 809 248 890 γὰρ
271 816 403 871 τοιοῦτο
426 816 493 871 πᾶν
515 807 723 889 καταληπτὸν
746 803 802 870 καὶ
824 808 945 889 μόνον·
979 816 1082 871 ταῦτα
1104 802 1136 870 δὲ

125 912 294 999 ἀμφότερα
317 915 370 978 δεῖ
387 913 548 998 ὑπάρχειν
570 924 641 989 τοῖς
664 912 924 995 έπιστημονικώς
943 910 1136 996 ἀποδεδομέ-

125 1043 197 1096 νοις
220 1021 377 1105 ὁρισμοῖς.
425 1019 523 1102 ε’γγὺς
546 1015 583 1083 δὲ
605 1020 735 1083 τούτων
758 1016 844 1083 εἰσίν
871 1020 907 1083 οἱ
929 1017 1136 1095 συντιθέντες

125 1123 180 1190 καὶ
208 1126 326 1201 οὑτως·
355 1124 535 1210 δεδομένον
559 1124 663 1208 ἐστίν,
691 1124 708 1188 ὑ
736 1127 943 1209 πορίσασθαι
967 1126 1135 1210 δυνάμεθα

72 1242 106 1290 10
126 1233 181 1296 διὰ
204 1243 272 1296 τών
293 1232 453 1315 κειμένων
476 1231 555 1316 ὑμῖν
579 1231 616 1296 έν
638 1243 710 1308 ταῖς
732 1231 878 1317 πρώταις
900 1231 1086 1298 ὑποθέσεσί
1103 1255 1133 1296 τε

126 1336 181 1404 καὶ
217 1336 341 1421 ἀρχαῖς.
401 1350 469 1403 τῶν
506 1335 542 1402 δὲ
579 1337 827 1424 προειρημένων
865 1346 915 1423 εἴη
953 1338 997 1405 ἀν
1033 1337 1086 1405 καὶ
1118 1337 1133 1403 δ

126 1444 309 1528 Εὐκλείδης
331 1455 501 1529 πανταχοῦ
525 1453 571 1532 τῷ
594 1447 800 1529 πορίσασθαι
823 1446 1009 1531 χρώμενος,
1037 1448 1067 1510 εί
1086 1442 1134 1509 καλ

126 1553 369 1638 παραλιμπάνει
388 1553 425 1616 τὸ
445 1552 615 1636 γνώριμον
634 1551 678 1628 ώς
691 1554 922 1637 παρεπόμενον
936 1562 983 1641 τῷ
998 1555 1133 1639 πορίμῳ·

127 1659 310 1724 αἰτιάσαιτο
339 1658 370 1723 δ’
398 1660 440 1723 ἀν
467 1683 518 1734 τις
544 1659 647 1723 αὐτὸν
675 1658 819 1741 εὐλόγως
848 1658 894 1734 ὡς
917 1659 957 1724 οὐ
981 1662 1135 1743 πρότερον

76 1776 108 1822 15
127 1777 247 1842 κοινῶς
279 1768 315 1831 τὸ
349 1763 529 1850 δεδομένον
561 1765 775 1851 ὁρισάμενον,
812 1762 885 1829 ἀλλ’
917 1764 1046 1849 ἀμέσως
1076 1775 1137 1829 τών

127 1873 227 1937 εἰδῶν
250 1872 353 1936 αὑτοῦ
377 1871 529 1956 ἕκαστον,
558 1874 665 1937 καίτοι
695 1871 730 1935 ἐν
757 1879 797 1956 τῇ
824 1882 1029 1958 γεωμετρικῇ
1056 1889 1135 1935 στοι-

127 1980 255 2063 χειώσει
287 1982 439 2064 φαίνεται
474 1980 538 2064 πρὸ
571 1989 639 2043 τῶν
671 1979 769 2041 είδών
806 1985 865 2060 τῆς
896 1986 1050 2063 γραμμῆς
1081 1979 1135 2061 τὴν

129 2085 239 2162 ἁπλῶς
262 2088 416 2171 γραμμὴν
439 2084 636 2171 ὁρισάμενος
658 2081 714 2148 καὶ
737 2083 777 2150 τὰ
800 2084 884 2150 ἀλλα
907 2081 1040 2169 ὁμοίως.

195 2190 426 2276 διακριθέντος
453 2194 570 2256 τοίνυν
596 2196 788 2276 κοινότερον
815 2190 871 2258 καὶ
898 2192 944 2268 ὡς
971 2194 1056 2279 πρὸς
1082 2196 1136 2278 τὴν

76 2308 109 2356 20
128 2305 301 2381 παροῦσαν
324 2301 438 2381 χρείαν
460 2307 520 2363 τοῦ
544 2297 724 2382 δεδομένου
744 2297 860 2384 ἐφεξῆς
879 2297 921 2364 ἀν
940 2305 991 2383 είη
1010 2301 1048 2366 τὸ
1066 2302 1136 2386 χρή-

128 2419 226 2486 σιμον
254 2411 311 2485 τῆς
337 2401 412 2487 περὶ
441 2404 544 2468 αὐτοῦ
573 2407 796 2489 πραγματείας
824 2404 1020 2471 ἀποδοῦναι.
1075 2410 1136 2471 ἔστι

128 2510 169 2593 δὴ
193 2507 369 2575 καὶτοῦτο
396 2521 463 2574 τῶν
488 2512 571 2596 πρὸς
594 2513 674 2575 ἀλλο
699 2509 844 2593 ἐχόντων
867 2511 929 2593 τὴν
952 2511 1135 2599 ἀναφοράν·

127 2617 210 2701 πρὸς
233 2616 296 2701 γάρ
320 2619 379 2681 τὸν
403 2616 631 2700 ἀναλυόμενον
655 2619 833 2700 λεγόμενον
856 2619 961 2681 τόπον
986 2618 1136 2701 ἀναγκαι-

129 2722 227 2806 οτάτη
256 2720 345 2788 ἐστὶν
373 2721 393 2804 ἡ
421 2721 542 2786 τούτου
565 2732 696 2804 γνῶσις.
744 2722 825 2805 ὅσην
849 2718 886 2786 δὲ
909 2724 975 2806 ἔχει
1000 2725 1137 2809 δύναμιν

75 2839 108 2887 25
129 2828 165 2894 έν
192 2841 264 2905 ταῖς
290 2836 535 2912 μαθηματικαῖς
569 2826 761 2912 ἐπιστήμαις
792 2826 847 2892 καὶ
875 2840 948 2905 ταῖς
975 2841 1138 2913 συγγενῶς

129 2935 281 3020 ἐχούσαις
304 2934 439 3018 ὀπτικῆς
462 2957 496 2998 τε
519 2931 574 2998 καὶ
598 2944 775 3018 κανονικίχς
798 2934 816 2999 ὁ
841 2933 1068 3020 ἀναλυόμενος
1089 2939 1136 3002 τό-

128 3064 204 3125 πος,
237 3040 273 3106 έν
300 3042 412 3116 άλλοις
439 3041 626 3125 διώρισται,
658 3038 714 3104 καὶ
746 3040 797 3105 ὅτι
829 3039 1027 3119 ἀποδείξεώς
1055 3043 1137 3108 ἐστιν

128 3183 342 3191 *κο-..ῳ-

200 3273 224 3323 3.
246 3265 302 3323 ἐστί
320 3269 411 3323 PVat.
420 3286 443 3321 v.
535 3274 559 3321 4.
584 3269 717 3323 δοκοῦσιν
736 3267 827 3321 Pvat.
919 3271 944 3322 8.
968 3267 1051 3341 εἰσίν]
1070 3269 1137 3323 ἐστιν

128 3336 193 3394 vat.
259 3343 282 3394 9.
304 3336 389 3410 ἐστίν]
409 3335 464 3393 ἐστί
482 3339 546 3392 Vah.
608 3345 649 3393 10.
669 3335 839 3392 ὑποθέσεσιν
857 3337 922 3392 Vat.
987 3345 1029 3395 11.
1048 3341 1095 3395 καὶ
1112 3339 1135 3410 δ]

129 3409 258 3465 omVat.
333 3414 374 3463 13.
394 3407 615 3480 παραλιμπάνει]
636 3408 747 3478 scripsi3
771 3405 969 3476 περιλιμπάνει
988 3410 1047 3481 Pv,
1066 3429 1136 3478 περι-

127 3477 276 3555 &tandm
294 3480 359 3536 vat.
433 3484 474 3533 18.
495 3476 674 3550 detodgtevoc]
691 3479 842 3548 ὑρκόμενος
860 3479 912 3534 PV.
