2356 3818
482 187 485 191 .
534 150 641 203 11111.
767 187 774 201 .
1030 147 1093 212 147

147 290 216 356 sint
239 292 304 357 duo
326 291 483 378 trianguli
506 296 615 375 ΑΒΓ,
633 297 734 357 ΔΕΖ
761 293 847 357 inter
873 315 906 357 se
934 292 1095 358 rationem

74 397 239 462 habentes
258 398 377 483 datam,
400 403 434 464 et
454 399 565 484 anguli
584 399 625 462 ad
644 404 684 482 A,
698 403 732 462 A
749 399 849 483 positi
869 403 925 463 aut
944 400 1095 483 aequales

75 503 146 568 sint
171 507 229 568 aut
250 503 450 589 inaequales,
479 505 536 569 sed
558 504 634 569 dati.
682 505 766 588 dieo,
796 526 879 589 esse,
904 509 941 568 ut
964 509 1030 569 AB
1054 506 1095 571 ad

72 613 161 693 ΔΕ,
183 608 232 672 ita
254 614 322 674 ΔΖ
345 611 386 674 ad
409 615 635 694 eam-rectam,
660 611 700 675 ad
724 633 821 695 qnam
845 614 916 674 AF
933 611 1094 676 rationem

70 715 200 779 habeat
223 713 341 781 datam.

144 821 339 904 expleantur
361 822 448 887 enim
470 821 777 907 parallelogramma
800 825 881 903 ΑΗ,
899 826 976 885 ΛΘ.

143 930 179 991 et
199 927 353 1012 quoniam
371 927 456 992 ratio
475 927 642 996 nAnF:
657 928 804 995 ΔΔΕΖ
823 929 899 992 data
918 931 977 1011 est,
995 926 1095 990 etiam

69 1032 163 1097 ratio
187 1032 485 1119 parallelogrammi
509 1038 582 1098 ΑΗ
604 1035 644 1097 ad
667 1033 1006 1119 parallelogrammum
1025 1037 1095 1097 ΔΘ

73 2019 154 2082 data
174 2015 279 2103 [1‚41;
299 2017 414 2099 desa}
446 2017 513 2081 iam
532 2016 686 2099 quoniam
706 2017 769 2080 dno
787 2016 1093 2101 parallelogramma

73 2128 164 2208 AH,
181 2128 251 2188 ΛΘ
276 2123 362 2188 inter
390 2144 424 2188 se
452 2122 613 2186 rationem
639 2122 762 2186 habent
786 2123 895 2187 datam
923 2123 1014 2188 etin
1037 2147 1092 2189 an-

74 2231 164 2317 gulis
188 2234 265 2294 sunt
288 2233 345 2295 ant
369 2229 557 2313 aequalibus
582 2233 638 2292 ant
660 2228 895 2315 inaequalibus,
921 2230 977 2294 sed
997 2231 1092 2317 datis,

73 2334 148 2420 erit,
171 2340 210 2399 ut
228 2339 293 2399 AB
318 2335 358 2399 ad
376 2340 453 2420 An,
476 2333 523 2398 ita
540 2339 574 2398 Δ
580 2338 608 2398 Ζ
627 2334 668 2397 ad
686 2356 757 2399 eam
774 2339 910 2421 rectam,
934 2338 974 2400 ad
993 2359 1091 2421 qnam
1134 2417 1136 2422 .

73 2441 108 2506 A
115 2444 148 2506 Γ
166 2441 328 2505 rationem
349 2441 450 2505 habet
473 2440 583 2504 datam
608 2439 713 2525 [prop.
731 2439 894 2524 LXXNJ.
1134 2454 1136 2459 '

508 2615 655 2682 LXXVI.

143 2722 180 2788 Si
198 2724 233 2788 in
250 2724 417 2809 triangulo
436 2722 543 2807 specie
563 2723 638 2787 dato
659 2745 678 2786 a
697 2723 819 2786 uertice
839 2722 878 2785 ad
897 2722 1002 2786 basim
1018 2744 1113 2817 per-v

71 2829 292 2916 pendicularis
321 2830 465 2914 ducitur,
499 2830 596 2893 dueta
618 2832 708 2892 reeta
736 2829 776 2892 ad
799 2828 904 2892 basim
928 2825 1090 2893 rationem

71 2937 177 3001 habet
200 2936 319 2999 datam.

69 3098 73 3105 .
142 3041 188 3105 sit
210 3040 394 3129 triangulus
418 3040 523 3125 specie
543 3041 638 3103 datus
657 3043 723 3103 AB
730 3041 767 3124 F,
789 3043 823 3103 et
841 3040 978 3105 dueatur
998 3044 1038 3107 ab
1056 3048 1090 3107 A

72 3148 114 3213 ad
137 3149 208 3211 ΒΓ
225 3145 500 3238 perpendicularis
520 3150 593 3209 ΑΛ,
635 3144 717 3229 dieo,
739 3145 901 3210 rationem
925 3153 991 3212 ΑΛ
1004 3172 1012 3212 :
1027 3151 1095 3213 ΒΓ

72 3254 186 3319 datam
209 3274 288 3317 esse.

139 3381 218 3423 nam
250 3358 405 3441 quoniam
438 3356 471 3422 Δ
491 3360 597 3420 ΑΒΓ
625 3357 730 3441 speeie
763 3358 857 3422 datus
891 3361 955 3442 est,
989 3354 1090 3422 etiarn

73 3469 215 3542 [ΑΒΔ
247 3465 341 3528 datus
374 3462 436 3527 erit
473 3461 548 3545 [def.
574 3462 618 3546 3].
677 3484 792 3527 uarum
823 3463 944 3595 etiarn*
958 3467 985 3537 t,
999 3454 1114 3583 M*

887 3569 927 3619 &Q
1064 3570 1068 3583 '
