2356 3818
123 163 188 227 236
295 165 425 218 mmm
442 164 662 216 PHILOSOPHI
681 161 968 215 commmus

122 331 186 392 μον
214 309 287 389 ἤτοι
315 308 398 392 πρὸς
426 306 597 391 ἀκρίβειαν
625 305 645 388 ἢ
668 308 705 370 τὸ
730 307 902 388 σύνεγγυς.
952 302 1009 368 καὶ
1035 304 1073 368 τὸ
1100 303 1134 369 ἐν

121 412 282 478 ὑποθέσει
330 409 366 476 δὲ
402 413 491 498 παρά
531 421 591 477 τοῦ
632 412 879 497 προβάλλοντος
924 408 1134 494 ἐκτυδέμενον

123 517 304 602 δεδομένον
337 513 425 583 εἷναί
454 541 542 594 τινες
573 518 805 602 ὑπειλήφασιν.
856 515 990 599 λέγουσι
1018 511 1057 580 δέ
1083 513 1134 579 καὶ

123 627 372 709 ἄλλοντρόπον
400 624 437 688 ἐν
459 636 531 700 ταῖς
554 625 699 709 πρώταις
722 624 945 707 στοιχειώσεσι
972 623 1010 686 τὸ
1034 617 1134 686 δοθὲν

90 729 180 796 ὅκαὶ
207 732 268 813 την
296 731 471 813 δοθεῖσαν,
505 730 676 794 τουτέστιν
702 730 821 814 ἡλίκην
847 730 889 794 ἀν
912 752 963 805 τις
991 726 1132 814 ἀφορίση

123 834 178 900 καὶ
211 836 258 923 δῷ
291 835 437 900 εὐθεῖαν.
497 844 600 899 ταῦτα
638 832 674 899 δέ
706 835 813 900 πάντα
844 834 1032 918 κατάληψίν
1065 856 1134 897 τινα

123 943 278 1025 βούλεται
297 945 478 1025 σημαίνειν.
511 942 593 1006 ὅθεν
607 939 663 1006 καὶ
677 942 818 1025 μάλιστα
832 952 899 1006 τῶν
913 941 1004 1027 ὅρων
1018 939 1134 1004 ἐκεῖνοι

124 1048 369 1131 εὐδοκιμοῦσιν,
392 1047 465 1112 ὅσοι
488 1070 525 1129 γε
548 1047 689 1131 μάλιστα
711 1048 748 1112 τὸ
771 1047 982 1130 καταληπτὸν
1000 1044 1133 1130 ἐμφανί-

126 1157 253 1235 ζουσιν,
277 1154 321 1229 ὡς
342 1160 520 1237 προϊοῦσιν
542 1151 622 1236 ἡμῖν
645 1155 736 1216 ἐσται
758 1149 955 1235 καταφανές.

73 1269 106 1316 10
191 1256 270 1322 νυνὶ
302 1255 339 1322 δὲ
370 1256 425 1322 καὶ
456 1268 524 1322 τῶν
555 1259 599 1341 μη
631 1261 737 1341 μόνον
766 1262 872 1335 ψιλῶς
902 1254 959 1321 καὶ
991 1253 1048 1320 ἐνί
1072 1279 1133 1320 τινι

125 1366 430 1449 χαρακτηριζόντων
461 1364 523 1447 τὴν
550 1372 610 1427 τοῦ
639 1362 819 1448 δεδομένου
847 1363 968 1448 φύσιν,
1000 1353 1075 1427 οἷον
1101 1357 1133 1424 δὲ

126 1470 266 1554 ὁρισμὸν
298 1470 401 1534 αὐτοῦ
429 1470 632 1552 ποιούντων,
668 1470 727 1544 τὰς
754 1468 918 1554 διαφοράς
951 1467 1133 1552 ἐκδώμεθα.

127 1577 468 1660 συγκεφαλαιούμενοι
491 1572 528 1639 δέ
546 1573 601 1639 καὶ
620 1576 748 1640 τούτων
771 1576 807 1639 οί
821 1577 939 1661 τρόποι
958 1575 1134 1661 εὐαρίθμη-

126 1705 176 1747 τοι
205 1686 363 1764 γίνονται.
410 1683 445 1746 οί
469 1676 530 1765 μὲν
557 1681 620 1765 γάρ
648 1679 846 1764 τεταγμένον
874 1681 940 1764 ἀμα
968 1678 1025 1744 καὶ
1048 1682 1134 1765 πόρι-

74 1799 107 1846 15
126 1813 190 1872 μον
222 1791 259 1853 τὸ
292 1787 471 1872 δεδομένον
508 1782 593 1852 εἶναι
625 1787 854 1872 ἀφωρίσαντο,
890 1785 998 1873 ἕτεροι
1035 1782 1073 1850 δὲ
1101 1785 1133 1848 τὸ

127 1894 326 1979 τεταγμένον
353 1896 419 1979 ἀμα
446 1891 501 1957 καὶ
524 1894 709 1978 γνώριμον,
737 1889 824 1968 τινες
847 1888 884 1955 δέ
906 1892 944 1955 τὸ
968 1892 1135 1977 γνώριμον

127 2001 193 2083 ἀμα
216 1998 271 2064 καὶ
294 2004 445 2084 πόριμον.
482 2001 660 2083 φαίνονται
680 1996 716 2063 δὲ
734 1997 789 2063 καὶ
809 1993 901 2064 οὗτοι
919 1996 1043 2072 πάντες
1059 1996 1135 2082 πρὸς

127 2107 188 2189 τὴν
210 2107 395 2189 κατάληψιν
418 2107 491 2187 ἤτοι
514 2109 616 2187 λῆψιν
640 2102 696 2168 καὶ
719 2104 851 2190 εὕρεσιν
873 2112 933 2168 τοῦ
957 2101 1133 2186 δεδομένου

128 2211 355 2297 ἀφεωρακότες
378 2211 437 2274 τὸν
460 2209 633 2296 εἰρημένον
656 2212 780 2295 τρόπον
803 2211 982 2296 ὁρίζεσθαι.
1026 2209 1081 2272 ἵνα
1102 2203 1134 2271 δέ

75 2327 109 2376 20
127 2316 251 2397 ταύτην
274 2338 308 2378 τε
335 2314 446 2378 αὐτῶν
474 2317 534 2398 την
563 2317 696 2379 ἔννοιαν
718 2314 997 2398 καταδησώμεῶα,
1031 2317 1078 2379 ἔτι
1102 2335 1134 2396 γε

127 2422 193 2505 μὴν
215 2418 270 2485 καὶ
293 2421 353 2485 τὸν
376 2420 485 2504 ἀληθῆ
509 2429 569 2485 τοῦ
592 2419 809 2505 προκειμένου
836 2421 917 2506 ὅρον
945 2419 981 2485 ἐκ
1009 2425 1133 2485 πολλῶν

128 2537 196 2592 τῶν
231 2525 510 2613 παραδεδομένων
546 2525 689 2610 ἕλωμεν,
731 2524 943 2590 ἐπισκεπτέον
978 2529 1133 2613 πρότερον

129 2630 266 2698 έκάστου
289 2644 357 2697 τῶν
380 2631 495 2696 ἁπλῶν
516 2632 553 2695 τὸ
578 2634 821 2715 σημαινόμενον
842 2628 989 2695 καὶτῶν
1013 2633 1133 2704 τούτοις

118 2737 373 2823 -ἀντικειμένων,
396 2746 456 2802 τοῦ
479 2760 514 2800 τε
536 2737 678 2801 ἀτάκτου
703 2736 785 2818 λέγω
809 2734 864 2801 καὶ
888 2736 1063 2818 ἀγνώστου
1084 2731 1131 2800 καλ

76 2857 109 2906 25
130 2843 256 2929 ἀπόρου
293 2842 349 2908 καὶ
381 2844 521 2927 ἀλόγου,
558 2843 602 2918 ὡς
638 2845 721 2928 πρὸς
752 2844 813 2926 τὴν
845 2841 1032 2908 ἐνεστῶσαν
1062 2864 1131 2925 γεω-

130 2950 286 3034 μετρικὴν
308 2948 402 3033 ύλην.
440 2948 632 3013 ἐπιτείνεται
655 2949 719 3034 γάρ
742 2949 783 3012 τά
801 2957 939 3012 τοιαῦτα
956 2947 1012 3013 καὶ
1031 2945 1081 3013 ἐπί
1097 2945 1130 3010 τά

130 3055 255 3138 φυσικά
277 3055 452 3139 πράγματα
474 3053 529 3119 καὶ
552 3056 610 3130 τάς
632 3056 734 3130 ἀλλας
757 3051 794 3118 δέ
817 3056 1050 3139 μαθηματικὰς
1071 3052 1128 3117 ἐπι-

129 3162 260 3242 στήμας.

201 3428 224 3476 1.
248 3421 322 3493 ἤτοι]
346 3438 399 3474 om.
418 3421 483 3475 vat.
565 3421 596 3491 ἥ]
620 3419 669 3475 καί
691 3423 820 3488 PVat.v;
844 3420 863 3490 ἥ
887 3439 972 3492 supra
999 3438 1046 3476 scr.
1064 3421 1124 3473 ιαθ

115 3434 187 3584 'aa
253 3497 277 3549 8.
298 3493 514 3566 εὐδοκιμοῦσιν]
533 3493 734 3562 εύδοιημοῶοιυ
747 3493 769 3546 P
784 3491 854 3561 <sine
869 3492 934 3561 spir.
950 3496 980 3547 et
993 3494 1057 3561 aec.)
1070 3488 1123 3543 Vnt.
