2356 3818
136 139 200 204 158
540 141 745 195 Δωεοιιιιωε.

137 286 229 366 ἤχθω
258 283 321 348 ἀπὸ
350 293 409 348 τοῦ
432 287 473 347 Η
495 294 536 369 τῇ
560 287 633 347 ΖΗ
654 286 738 370 πρὸς
764 283 874 371 ὀρθὰς
895 284 917 369 ἡ
939 288 1021 350 ΗΚ·
1049 282 1121 350 θέσει

134 391 199 472 ἄρα
218 387 309 453 ἐστὶν
327 389 347 471 ἡ
367 393 448 453 ΗΚ.
490 387 545 453 καὶ
567 392 773 473 πεποιήσθω,
795 392 841 467 ὡς
863 389 885 474 ἡ
902 395 973 456 ΒΓ
986 392 1062 477 πρὸς
1076 392 1122 473 την

134 498 211 577 ΑΕ,
235 495 341 571 οὕτως
364 495 384 576 ἡ
409 499 480 559 ΖΗ
504 496 587 581 πρὸς
611 497 673 579 τὴν
696 500 777 561 ΗΚ.
823 499 924 579 λόγος
946 493 983 562 δὲ
1003 506 1057 580 τῆς
1074 498 1125 560 ΒΓ

133 601 217 686 πρὸς
244 603 306 684 τὴν
329 605 397 664 ΑΕ
424 601 552 676 δεθείς·
586 604 684 683 λόγος
711 604 776 687 ἄρα
802 599 859 666 καὶ
884 611 944 686 τῆς
968 606 1036 667 ΖΗ
1058 602 1120 687 πρὸς

98 708 194 789 ετὴν
229 709 305 769 ΗΚ
334 708 460 782 δοθείς·
498 708 639 772 δοθεῖσα
671 704 708 771 δέ
740 706 760 790 ἡ
790 712 874 772 ΖΗ·
911 710 1048 774 δοθεῖσα
1073 709 1120 792 ἄρα

132 810 187 876 καὶ
210 811 230 893 ἡ
250 815 331 875 ΗΚ.
368 812 451 876 ἀλλὰ
474 810 529 876 καὶ
552 823 592 899 τῇ
615 811 721 878 θέσει·
744 817 804 878 ιιαί
824 813 892 879 ἐστι
917 812 1020 880 δοθὲν
1039 816 1118 879 ιὸΗ

133 914 237 981 δοθέν
260 918 325 1002 ἄρα
347 915 402 982 καὶ
425 919 462 982 τὸ
486 922 526 982 Κ.
572 919 667 1002 ἤχθω
691 919 748 982 διὰ
769 927 830 983 τοῦ
854 922 890 983 Κ
910 929 952 1007 τῇ
976 925 1044 986 ΖΗ
1058 942 1119 1003 ιιαη

133 1024 272 1105 άλληλος
295 1023 315 1105 ἡ
339 1026 419 1087 ΚΘ·
442 1022 536 1089 θέσει
560 1026 624 1110 ἄρα
648 1022 738 1090 ἐστὶν
760 1024 781 1108 ἡ
806 1028 885 1090 ΘΚ·
913 1025 1009 1092 θέσει
1029 1023 1063 1091 δὲ
1079 1021 1119 1089 ινδ

132 1131 169 1193 τὸ
195 1131 303 1192 ΖΘΗ
322 1138 443 1212 τμῆμα·
467 1127 572 1195 δοθέν
590 1131 655 1215 ἄρα
678 1128 747 1195 ἐστὶ
769 1132 807 1196 τὸ
833 1136 863 1195 Θ
885 1144 1028 1217 σημεῖον.
1067 1130 1119 1195 ἐσσε

81 1245 114 1293 10
135 1235 327 1317 ζεύχθωσαν
350 1236 387 1298 αἱ
404 1239 567 1318 ΖΘ,ΘΗ,
590 1233 646 1300 καὶ
668 1237 763 1320 ἤχθω
786 1237 930 1315 κάθετος
952 1237 973 1321 ἡ
993 1242 1060 1303 ΘΑ·
1079 1237 1119 1300 δο

131 1346 230 1404 θεῖσα
263 1341 327 1425 ἄρα
357 1338 447 1404 ἐστὶν
475 1341 495 1424 ἡ
526 1345 595 1405 ΘΛ.
641 1345 710 1406 ἔστι
738 1339 775 1406 δέ
801 1340 857 1407 καὶ
886 1344 924 1408 τὸ
954 1349 984 1409 Θ
1008 1354 1120 1427 σημεῖον

132 1443 251 1527 δοθέν,
281 1443 336 1509 καὶ
364 1443 519 1531 ἑκάτερον
545 1457 614 1511 τῶν
638 1452 680 1530 Ζ,
698 1450 750 1512 Η·
782 1446 917 1512 δέδοται
940 1449 1004 1534 ἄρα
1025 1446 1120 1527 ἑκάστη

131 1562 198 1615 τῶν
224 1555 297 1633 ΘΖ,
318 1555 395 1634 ΖΗ,
418 1556 491 1616 ΘΗ
508 1562 548 1638 τῇ
572 1551 666 1617 θέσει
688 1551 743 1617 καὶ
766 1563 812 1640 σῳ
835 1552 985 1637 μεγέθει·
1011 1552 1120 1618 δέδοται

131 1659 194 1743 ἄρα
218 1659 255 1721 τὸ
280 1662 387 1722 ΖΘΗ
411 1661 576 1744 τρίγωνον
603 1668 649 1746 τῷ
673 1661 762 1723 εῖδει.
803 1658 860 1724 καὶ
883 1658 957 1725 εἰιεί
977 1660 1070 1741 ἐστιν,
1088 1658 1121 1733 ὡς

95 1764 239 1846 ὀὴΒΓ
256 1765 340 1850 πρὸς
362 1765 424 1847 τὴν
442 1769 518 1847 ΑΒ,
543 1764 648 1840 οὕτως
671 1764 691 1847 ἡ
712 1768 784 1829 ΖΗ
801 1766 887 1850 πρὸς
905 1766 967 1849 την
985 1768 1061 1848 ΗΚ,
1079 1770 1120 1843 ι’ση

130 1866 167 1934 δέ
189 1871 210 1953 ἡ
234 1873 308 1933 ΗΚ
328 1879 367 1955 τῇ
393 1874 464 1953 ΘΛ,
488 1874 578 1935 ἔστιν
600 1871 665 1956 ἄρα
688 1871 733 1947 ὡς
755 1869 775 1953 ἡ
796 1874 865 1935 ΒΓ
882 1872 967 1956 πρὸς
988 1874 1046 1956 τὴν
1062 1872 1121 1949 ΑΚ

129 1976 235 2052 οὕτως
262 1977 283 2059 ἡ
313 1980 385 2040 ΖΗ
412 1978 495 2062 πρὸς
524 1978 586 2060 τὴν
612 1980 680 2040 ΘΛ.
735 1979 794 2041 καί
819 1974 910 2042 ἐστιν
943 1982 998 2060 ἴση
1027 1974 1120 2060 ἡδσδ

129 2093 197 2146 τῶν
220 2086 321 2146 ΒΑΓ
343 2086 448 2165 γωνία
476 2091 515 2168 τῇ
538 2082 604 2147 ὑπὸ
627 2093 695 2147 τῶν
719 2086 838 2146 ΖΘΗ·
873 2084 1049 2165 ἰσογώνιον
1072 2082 1121 2166 ἄρα

130 2184 198 2250 ἐστὶ
221 2188 258 2249 τὸ
282 2192 388 2252 ΑΒΓ
409 2191 575 2274 τρίγωνον
598 2196 644 2275 τῳ
670 2191 778 2253 ΘΖΗ
800 2188 966 2277 τριγώνῳ.
1011 2187 1121 2253 δέδοια
1161 2250 1164 2263 ,

76 2301 111 2349 20
130 2288 167 2354 δέ
189 2293 226 2356 τὸ
252 2297 359 2356 ΘΖΗ
382 2297 547 2379 τρίγωνον
574 2302 620 2380 τῷ
648 2294 742 2358 εῖδει·
776 2292 911 2359 δέδοται
934 2296 1000 2381 ἄρα
1025 2291 1075 2359 καὶ
1093 2292 1121 2355 τὸ
1161 2270 1164 2293 ¹

128 2402 235 2462 ΑΒΓ
252 2402 417 2485 τρίγωνον
439 2410 485 2487 τῳ
509 2401 599 2464 εῖδει.

601 2591 669 2658 μα’.

191 2716 269 2782 Ἐὰν
291 2728 379 2803 τρεῖς
402 2716 531 2781 εὐθεῖαι
555 2716 721 2799 ἀνάλογον
744 2713 842 2782 οὖσαι
862 2714 974 2803 τρισὶν
992 2717 1122 2789 εὐθείαις

127 2823 293 2906 ἀνάλογον
316 2825 432 2899 οὔσαις
454 2823 513 2899 τὰς
536 2824 638 2908 ἄκρας
662 2821 698 2888 έν
716 2821 883 2910 δεδομένῳ
903 2825 991 2911 λόγῳ
1009 2826 1121 2907 ἔχωσιν,

73 2936 107 2984 25
126 2925 181 2991 καὶ
204 2930 262 3003 τὰς
285 2927 385 3011 μέσας
411 2927 449 2993 έν
472 2927 638 3016 δεδομένῳ
663 2931 749 3016 λόγῳ
778 2927 924 3006 ἕξουσιν
956 2926 1012 2994 καὶ
1034 2922 1119 3005 έδνη

125 3033 211 3117 ἄκρα
228 3035 311 3117 πρὸς
329 3036 391 3117 τὴν
409 3037 515 3120 ἄκραν
534 3037 634 3117 λόγον
653 3037 709 3119 ἔχη
729 3033 921 3121 δεδομένον,
944 3032 1000 3099 καὶ
1017 3034 1037 3117 ἡ
1052 3030 1119 3118 μέση

198 3194 220 3242 1.
247 3189 320 3259 ΗΚ]
346 3191 404 3243 ΗΘ
427 3189 458 3258 b,
488 3193 517 3244 et
544 3190 584 3243 sic
612 3189 714 3243 deinde
740 3205 792 3258 per
818 3192 911 3244 totam
937 3207 1014 3260 prop.
1035 3186 1119 3258 prol(

124 3258 189 3314 hab.
211 3261 243 3327 Θ,
264 3274 316 3328 pro
337 3261 361 3313 Θ
380 3262 476 3313 autem
495 3267 516 3314 I.
590 3266 614 3315 5.
634 3258 733 3322 δεθείς
752 3292 785 3300 -
805 3266 829 3315 6.
850 3264 913 3315 ΗΚ
946 3278 1001 3316 om
1018 3261 1043 3314 b.
1099 3260 1116 3307 7-

126 3332 280 3455 ΖΗὲΘΗ
295 3329 322 3384 b.
387 3334 411 3382 8.
431 3326 479 3400 δέ]
498 3330 554 3398 ἄρα
573 3331 599 3385 b.
666 3338 706 3386 12.
727 3328 828 3403 δοθέν]
848 3349 903 3387 om.
944 3375 950 3387 .
1012 3336 1050 3385 16.
1068 3324 1117 3393 ΘΛ]

124 3406 172 3457 IK
209 3400 305 3471 ‚item
323 3399 371 3454 lin.
393 3405 433 3455 17.
508 3408 549 3455 18.
570 3401 637 3472 ἄρα]
657 3419 710 3456 om.
729 3401 757 3456 b.
831 3408 873 3456 19.
897 3396 1115 3475 ΘΖΗ]ΙΖΒδ-

159 3470 326 3527 δέδοται-
346 3477 388 3526 20.
410 3471 563 3542 εἴδει]οιω.
583 3471 610 3524 b.
702 3478 744 3526 21.
768 3474 868 3544 ΑΒΓ]
887 3474 989 3529 ΑΓΡ.
1066 3470 1115 3533 δθθ·
