2356 3818
402 127 442 178 m
459 127 629 177 nuomms
647 126 752 179 DATA.
1017 127 1080 190 237

71 270 107 333 id
129 269 257 334 datum
279 292 349 334 esse
373 274 571 354 statuerunt,
599 270 686 353 quod
708 270 744 333 in
765 271 939 354 hypothesi
968 272 1008 335 ab
1033 294 1081 355 eo,

70 375 127 460 qui
149 375 318 460 proponit,
344 374 524 460 exponitur.
571 375 682 440 dicunt
709 375 808 439 etiam
836 376 899 440 alio
928 378 1024 442 modo
1047 377 1083 440 in

68 481 185 566 primis
216 481 385 546 elementis
417 486 574 565 punctum
606 482 718 545 datum
752 486 785 545 et
814 486 936 546 rectam
964 484 1083 567 datam,

69 588 133 651 hoc
151 592 202 652 est
222 591 514 671 quantamcumque
533 593 655 652 rectam
670 587 741 670 quis
756 588 949 652 determinat
967 593 1000 652 et
1019 589 1082 652 dat.

69 694 150 758 haec
174 697 284 758 autem
307 694 416 758 omnia
440 694 761 777 comprehensionem
785 694 945 776 quandam
967 694 1083 758 uolunt

71 799 265 884 significare.
303 801 512 882 quamohrem
537 823 575 864 ex
599 800 841 864 definitionibus
861 801 937 866 illae
955 805 1084 885 praeter

72 909 197 969 ceteras
236 906 430 990 probantur,
471 911 632 990 quotquot
673 906 962 990 comprehensibile
1002 906 1084 970 illud

71 1010 212 1075 maxime
235 1016 487 1096 repraesentant,
511 1017 548 1076 ut
570 1012 851 1097 progredientibus
870 1013 965 1076 nobis
984 1012 1085 1076 mani·

70 1117 192 1181 festum
216 1117 286 1181 erit.
394 1176 401 1186 ,
553 1190 556 1197 ,

138 1245 225 1286 nunc
249 1228 359 1288 autem
386 1224 485 1288 etiam
513 1245 638 1306 eorum,
667 1225 722 1307 qui
749 1247 816 1288 non
842 1225 927 1288 nude
955 1228 1083 1287 tantum

74 1332 171 1412 atque
190 1351 256 1392 una
275 1329 384 1413 aliqua
400 1330 533 1394 notione
552 1330 633 1393 dati
651 1335 802 1395 naturam
817 1330 1010 1415 exprimunt,
1029 1329 1085 1393 sed

71 1438 240 1516 tamquam
255 1433 476 1498 definitionem
490 1434 559 1498 eius
575 1433 733 1518 adferunt,
748 1435 891 1498 diuersas
906 1434 1084 1498 sententias

72 1561 280 1623 exponamus.
339 1540 457 1605 horum
490 1562 616 1623 quoque
648 1541 805 1624 rationes,
837 1540 865 1605 si
898 1539 1085 1604 summatim

72 1651 297 1731 recensentur,
323 1646 418 1710 facile
442 1646 622 1710 enumerari
644 1650 790 1730 possunt.
836 1645 892 1708 alii
916 1645 1001 1709 enim
1025 1646 1086 1709 da-

73 1756 154 1816 tum
180 1751 215 1815 id
242 1774 312 1816 esse
336 1753 542 1837 definierunt,
574 1753 660 1835 quod
688 1751 908 1816 ordinatum
938 1751 1024 1814 idem
1053 1755 1085 1814 et

73 1857 251 1940 parabile
274 1861 338 1941 est,
362 1856 415 1920 ah'i
439 1857 482 1942 id,
506 1858 592 1940 quod
615 1856 834 1920 ordinatum
856 1856 942 1921 idem
966 1861 999 1920 et
1021 1879 1086 1922 no·

74 1967 169 2048 tum,
202 1963 333 2046 quidam
359 1963 407 2047 id,
439 1963 525 2045 quod
552 1967 686 2027 notum
717 1963 802 2027 idem
834 1967 867 2027 et
898 1963 1084 2047 parabile.

73 2069 227 2133 uidentur
246 2074 355 2133 autem
373 2069 408 2132 hi
428 2091 538 2134 omnes
558 2068 878 2153 comprehensionem
893 2069 962 2133 siue
979 2091 1086 2167 sump-

74 2175 200 2239 tionem
223 2180 257 2239 et
279 2175 501 2239 inuentionem
524 2175 606 2239 dati
629 2180 813 2258 spectantes
837 2198 888 2259 eo,
918 2197 981 2258 quo
1005 2175 1085 2240 dixi-

75 2303 158 2364 mus,
181 2282 278 2345 modo
302 2281 443 2345 definire.
478 2281 562 2345 hanc
582 2285 690 2345 autem
709 2281 840 2347 illorum
858 2281 1025 2347 notionem
1048 2287 1085 2345 ut

75 2387 307 2452 conuincamus
326 2391 359 2450 et
375 2408 487 2450 ueram
499 2387 661 2470 propositi
676 2387 896 2452 definitionem
911 2410 949 2452 ex
964 2388 1086 2471 multis,

75 2513 158 2574 quae
182 2491 322 2556 traditae
346 2497 435 2576 sunt,
460 2492 632 2578 eligamus,
654 2493 795 2577 primum
811 2492 1086 2559 ¹considerandum

76 2601 136 2681 est,
160 2597 238 2680 quid
263 2597 464 2682 significetur
487 2619 678 2681 unaquaque
703 2598 898 2682 simplicium
921 2599 1086 2662 rationum

77 2708 110 2767 et
134 2725 260 2787 earum,
287 2725 369 2786 quae
391 2703 443 2767 his
467 2703 635 2787 oppositae
659 2707 748 2787 sunt,
774 2703 991 2767 inordinati
1014 2703 1086 2768 dieo

76 2813 109 2872 et
132 2809 261 2893 ignoti
285 2813 317 2872 et
345 2831 422 2874 non
444 2808 634 2893 parabilis
663 2812 695 2872 et
721 2808 984 2894 irrationalis,
1013 2831 1088 2892 qua-

75 2919 172 2979 tenus
198 2916 239 2979 ad
257 2937 338 3000 eam,
360 2916 398 2979 de
423 2937 486 2998 qua
509 2916 627 3000 agitur,
649 2919 798 2998 spectant
820 2915 991 2980 materiam
1015 2938 1088 3002 geo-

75 3020 255 3085 metricam.
303 3021 423 3085 etenim
451 3021 530 3085 haec
559 3021 658 3086 etiam
692 3022 806 3086 adres
833 3023 985 3106 physicas
1017 3046 1088 3109 per-

75 3127 184 3191 tinent
207 3131 241 3190 et
265 3128 305 3191 ad
328 3131 450 3191 ceteras
475 3126 662 3211 disciplinas
686 3127 941 3192 mathematicas.

110 3320 153 3390 ys]
173 3316 223 3373 καί
240 3319 305 3372 Vas.
365 3323 407 3373 10.
427 3320 522 3386 ψηλως
540 3318 569 3372 P.
644 3324 685 3373 15.
705 3316 879 3387 ἀφορίσαντο
898 3317 989 3371 PVat.
1047 3324 1087 3372 16.

72 3386 148 3451 τινὲς
167 3386 199 3443 δὲ
218 3389 249 3443 τὸ
269 3389 420 3458 γνώριμον]
441 3404 493 3442 om.
513 3407 538 3443 v,
612 3395 654 3445 24.
674 3389 723 3443 καὶ
741 3389 862 3460 ἀπόρου]
883 3406 935 3441 om.
955 3405 980 3441 v.
1046 3393 1087 3442 25.

74 3460 122 3532 ὡς]
142 3458 192 3515 acet
211 3460 276 3514 Vct.
