2356 3818
518 109 623 162 narn.
743 78 747 84 ⁴
1035 108 1087 172 25

63 251 325 336 magnitudinem
342 255 409 316 AB
433 252 651 338 magnitudini
671 255 732 317 ΓΔ
751 253 917 336 aequalem
937 274 1007 318 esse
1027 258 1090 317 aut

64 356 204 422 alteram
227 357 304 423 data
325 358 549 456 magnitudine
572 357 730 422 maiorem
753 380 823 423 esse
842 359 952 424 altera

135 483 212 527 nam
245 463 399 547 quoniam
429 463 506 528 data
538 467 588 528 est
619 469 758 548 utraque
789 465 981 551 magnitudo
1008 471 1042 530 A
1048 469 1089 550 P,

61 571 149 654 BA,
181 569 275 634 datae
296 567 544 656 'magnitudines
573 574 630 635 aut
663 570 813 653 aequales
847 575 923 635 sunt
951 576 1008 636 aut
1034 571 1086 634 in-
1153 638 1157 646 ,

58 720 86 771 Α
204 721 226 769 B
447 720 474 770 P
583 723 610 772 Δ
655 676 813 759 aequales.

70 787 600 849 k-*l-—ff-*l
698 782 789 867 prius
823 783 890 847 sint
923 781 1087 867 aequales,

60 887 178 970 itaque
200 890 323 951 AF==
338 891 410 952 ΒΔ.
454 887 636 954 eommunis
668 888 834 953 auferatur
857 892 928 954 ΒΓ.
970 889 1087 973 itaque

58 992 192 1076 reliqua
208 998 274 1058 AB
297 995 441 1080 reliquae
460 997 521 1059 ΓΔ
544 993 689 1078 aequalis
712 998 770 1058 est.

132 1099 199 1163 iam
225 1121 266 1164 ne
295 1099 361 1164 sint
388 1099 553 1185 aequales,
584 1099 641 1164 sed
669 1099 713 1165 sit
735 1103 850 1174 ΑΓ>
864 1104 946 1186 ΒΔ,
977 1104 1010 1165 et
1039 1100 1088 1164 sit

64 1209 186 1273 PE=
202 1208 278 1268 BA.
324 1205 381 1270 sed
407 1206 484 1270 data
511 1209 561 1270 est
588 1205 780 1291 magnitudo
806 1209 882 1270 ΒΛ.
927 1206 1003 1270 data
1032 1209 1088 1270 est

61 1358 88 1406 A
131 1355 156 1405 Ε
201 1356 223 1404 B
528 1355 556 1406 Γ
583 1359 610 1408 A
651 1311 756 1396 igitur
768 1311 867 1375 etiam
878 1314 948 1376 ΓΕ.
967 1333 1085 1376 uerum
1129 1381 1131 1385 Α

70 1423 215 1462 '‘l-¹
536 1423 598 1460 ¹-¹
653 1418 753 1482 etiam
768 1419 920 1482 totaAP
934 1418 1010 1483 data
1023 1422 1086 1482 est.

61 1528 99 1588 et
135 1521 261 1606 reliqua
292 1527 361 1587 ΑΕ
391 1524 468 1587 data
504 1527 555 1587 est
592 1523 698 1607 [prop.
725 1522 798 1606 IV].
858 1527 891 1586 et
928 1523 1083 1606 quoniam

62 1633 99 1694 E
103 1631 184 1693 Γπ·-
196 1631 268 1711 BA,
282 1628 464 1694 eommunis
478 1627 724 1692 auferaturBF.
756 1628 868 1711 itaque
881 1626 1006 1711 reliqua
1020 1631 1091 1691 ΒΕ

34 1810 40 1817 ι
60 1720 210 1818 reliquae
230 1737 291 1798 ΓΔ
314 1734 459 1817 aequalis
482 1738 541 1798 est.
578 1737 611 1797 εὴ
635 1734 711 1797 data
729 1737 780 1797 est
797 1732 989 1818 magnitudo
1007 1735 1088 1795 AE.
1130 1784 1136 1795 .

63 1861 146 1926 ergo
169 1840 361 1924 magnitudo
384 1844 450 1905 AB
479 1841 555 1904 data
576 1839 680 1903 maior
703 1843 753 1904 est
775 1838 999 1924 magnitudine
1024 1841 1090 1902 ΓΔ
1127 1926 1129 1930 .

63 1946 143 2031 [def.
163 1946 208 2030 9].

529 2033 621 2100 lllll.

54 2157 58 2162 ’
135 2156 170 2222 Si
193 2162 261 2224 tres
283 2158 526 2245 magnitudines
548 2158 736 2244 propositae
760 2163 837 2223 sunt
860 2164 892 2223 et
915 2157 1021 2243 prima
1044 2157 1088 2221 ad

10 2278 23 2289 ·
67 2264 244 2329 secundam
262 2264 424 2328 rationem
442 2263 543 2329 habet
556 2264 667 2329 datam
684 2269 717 2329 et
732 2264 880 2350 secunda,
898 2267 1090 2348 comparata

67 2391 144 2434 oum
167 2369 278 2455 tertia,
305 2369 409 2434 maior
432 2373 483 2433 est
506 2390 603 2454 quam
625 2369 661 2432 in
684 2369 824 2454 ratione,
848 2368 946 2433 etiam
968 2367 1090 2452 prima,

66 2479 255 2560 comparata
274 2497 348 2540 oum
367 2475 474 2560 tertia,
492 2476 568 2538 data
586 2475 692 2539 maior
710 2474 772 2538 erit
788 2496 886 2559 quam
898 2474 934 2537 in
947 2473 1084 2537 ratione.

134 2581 201 2645 sint
223 2585 290 2645 tres
314 2580 555 2667 magnitudines
577 2584 655 2666 AB,
673 2583 744 2666 ΓΔ,
762 2584 799 2665 Ε,
823 2584 856 2642 et
874 2582 940 2642 AB
963 2578 1003 2642 ad
1023 2581 1088 2642 ΓΔ

65 2687 229 2766 rationem
246 2686 366 2751 habeat
380 2687 499 2772 datam,
517 2689 550 2751 et
564 2681 641 2771 ΓΔ,1
654 2688 842 2770 comparata
856 2706 930 2749 oum
943 2686 983 2768 E,
1006 2682 1088 2748 data

17 2868 22 2875 Ι
66 2793 173 2858 maior
196 2792 240 2857 sit
258 2815 356 2877 quam
375 2792 410 2856 in
427 2791 563 2856 ratione.
601 2790 684 2876 dieo,
706 2789 806 2854 etiam
824 2787 1087 2875 magnitudinem

66 2903 145 2983 ΑΒ,
168 2902 388 2983 comparatam
412 2920 486 2963 eum
505 2902 544 2983 E,
566 2896 643 2961 data
665 2895 821 2960 maiorem
843 2916 1030 2981 essequam
1048 2895 1087 2960 in

64 3005 201 3070 ratione.
560 3006 562 3010 ”

134 3133 211 3176 nam
235 3111 389 3195 quoniam
415 3109 606 3196 magnitudo
631 3110 706 3193 ΓΔ,
733 3097 921 3192 comparata
948 3130 1022 3173 oum
1045 3113 1089 3194 E,

66 3217 145 3282 data
162 3217 268 3297 maior
287 3221 336 3282 est
356 3237 454 3299 quam
472 3215 507 3278 in
523 3214 661 3300 ratione,
684 3213 848 3279 auferatur
868 3214 943 3278 data
960 3214 1087 3300 magni·

103 3373 159 3446 ὅτι]
179 3391 232 3429 om.
252 3391 278 3430 a.
351 3379 394 3428 24.
414 3369 475 3427 ἐπεί
492 3402 528 3414 -
546 3376 590 3426 25.
608 3351 766 3444 λόγῳ]οη
785 3387 810 3424 a.
884 3375 926 3423 24.
947 3368 1033 3439 ἐστιν]
1053 3390 1087 3424 -ν

64 3445 133 3500 add.
152 3463 189 3500 m.
209 3451 224 3500 2
244 3463 271 3501 v.
