2356 3818
83 128 199 184 XXXIV
453 132 730 185 PROLEGOMENA.

84 269 219 326 omissum
237 287 311 339 esse3
332 287 358 326 u.
377 289 404 341 p.
421 276 462 340 10,
479 277 523 340 11;
545 278 587 341 12,
602 278 631 341 53
651 278 756 342 14,11;
776 278 819 342 20,
835 280 881 341 173
901 279 943 342 22,
960 279 988 340 73
1008 279 1052 342 26,
1067 280 1101 343 33

84 357 185 421 a4,11,
202 357 247 420 14,
270 357 314 419 44,
329 357 376 420 4ο,
395 358 500 421 4418,
521 358 562 420 44,
579 359 624 420 193
650 359 811 421 74,14,16;
836 359 878 422 ro,
894 359 936 408 as.
973 352 1062 422 quare
1081 353 1098 410 4

84 433 113 486 44
131 431 264 486 hocloco
288 434 317 486 et
338 450 365 501 p.
381 437 428 500 30,
444 438 490 501 19,
518 432 568 486 ubi
590 432 621 486 in
644 433 772 487 omnibus
797 433 877 487 libris
901 433 993 502 deest,
1021 433 1100 489 inter

82 512 170 566 uerba
188 511 314 566 Euclidis
332 511 523 582 recipiendum
542 514 611 566 erat.

152 621 180 671 p.
195 607 243 670 44,
259 606 274 655 ‘1
292 601 323 655 in
341 617 359 656 a
378 599 492 656 additur
516 602 565 655 καὶ
583 609 632 655 τοῦ
650 604 703 654 ΑΕ
718 625 725 656 c
740 605 792 655 ΕΒ
814 601 894 670 λόγος
912 601 969 657 ἐστὶ
988 605 1098 665 (totels.

84 698 148 736 cum
163 682 262 754 negari
280 700 336 737 non
349 681 447 752 possit,
466 681 540 734 inter
553 680 686 749 rationes,
705 698 775 750 quas
791 682 873 736 datas
888 699 948 737 esse
962 681 1098 738 Euclides

83 762 271 831 demonstrat,
298 762 437 816 rationem
455 763 508 815 ΑΕ
522 785 529 816 :
544 763 596 815 ΕΒ
619 760 786 830 desiderari,
809 778 840 815 re
862 762 1021 816 accuratius
1046 762 1097 818 dc-

81 842 203 898 liberata
216 844 285 912 puto
300 840 352 894 illa
366 840 461 909 uerba,
480 856 552 908 quae
568 839 690 894 insonte
704 839 833 895 codicum
846 840 962 896 PVat.r
979 844 1099 911 propter

81 920 290 991 tpocorc‘tsocoo
317 918 402 974 facile
429 919 596 975 intercidere
622 920 748 990 potuisse
773 920 903 991 adparet,
931 921 1097 991 recipienda

80 1002 181 1071 fuisse,
212 1001 300 1054 uerba
327 1002 422 1054 autem
448 999 467 1054 l.
487 1005 503 1052 6
526 999 597 1054 ἀλλά
614 1007 679 1054 -7
699 1003 798 1063 «totels
814 1002 884 1072 (alt.)
911 1001 984 1055 nihil
1013 1000 1093 1056 aliud

81 1084 209 1152 spectare
227 1079 283 1133 nisi
301 1081 333 1133 ut
352 1079 569 1148 demonstretur,
587 1079 726 1135 rationem
744 1085 797 1136 AE
813 1107 819 1138 :
834 1086 886 1136 ΕΒ
905 1082 1003 1136 datam
1022 1097 1094 1152 esse,

82 1177 254 1231 quamquam
283 1159 400 1213 insolita
430 1160 678 1215 demonstrationis
705 1161 832 1216 breuitas
861 1161 991 1229 offendit3
1024 1163 1093 1215 scri*-

80 1241 204 1296 bendum
228 1238 302 1293 enim
328 1242 388 1293 erat
410 1239 536 1293 Euclidis
558 1256 635 1294 more
657 1240 707 1294 lt
732 1244 797 1311 post
820 1240 1013 1313 4444144444
1042 1250 1093 1296 τοῦ

81 1323 135 1375 ΑΕ
153 1319 209 1388 ἄρα
228 1319 298 1388 πρὸς
319 1323 370 1373 ΖΔ
389 1323 410 1373 4.
427 1315 447 1374 ἒ.
464 1322 503 1375 d:
522 1318 592 1374 otte
609 1329 659 1374 τοῦ
681 1324 732 1373 ΖΔ
750 1321 820 1390 πρὸς
839 1325 891 1376 ΒΕ
909 1326 931 1376 λ.
948 1320 969 1377 ἐ.
984 1325 1023 1377 d:
1043 1322 1093 1376 καὶ

78 1409 128 1457 τοῦ
146 1406 169 1454 A
175 1403 200 1454 E
218 1404 274 1453 act.

150 1509 177 1560 p.
201 1495 247 1557 64,
267 1494 299 1541 at
324 1487 498 1558 coccinatos
520 1489 549 1542 in
574 1505 591 1542 4
614 1489 694 1543 deest
718 1488 803 1559 idque
830 1490 998 1561 rectissime,
1027 1510 1092 1548 cum

80 1569 159 1640 παρά
179 1601 211 1611 -
231 1567 405 1638 παράλληλος
423 1569 554 1624 Euclides
573 1569 717 1640 scripsisse
735 1587 792 1624 non
810 1569 848 1624 sit
866 1571 1077 1628 existimandus.

149 1658 200 1713 His
227 1658 389 1729 praemissis
418 1659 599 1712 statuendum
627 1660 681 1728 est,
715 1677 787 1729 quae
814 1661 911 1716 Theon
937 1659 1093 1716 mutauerit

79 1739 191 1809 etquid
205 1738 383 1809 potissimum
397 1738 602 1793 mutationibus
621 1741 733 1794 secutus
750 1757 811 1796 esse
825 1741 964 1795 uideatur.
991 1741 1092 1795 memi-

78 1820 202 1874 nerimus
223 1821 318 1872 autem
336 1821 455 1889 oportet,
477 1819 612 1890 exemplis
631 1836 665 1874 cx
684 1820 829 1890 scripturis
849 1819 952 1873 codicis
972 1836 989 1871 a
1008 1820 1037 1869 44
1056 1835 1091 1872 cx

78 1901 230 1970 conspectu
253 1898 304 1953 illo
327 1900 372 1970 (β)
395 1898 493 1969 petitis
517 1899 679 1954 cautissime
702 1900 838 1954 utendum
861 1912 929 1950 4444.
970 1895 1029 1947 iarn
1052 1897 1091 1948 ad

78 1978 190 2048 singula
208 1980 393 2032 transeamus.

148 2066 189 2119 Ac
207 2065 329 2135 primum
347 2065 461 2134 quidem
479 2063 576 2120 Theon
594 2066 624 2119 id
643 2065 714 2136 egit,
733 2068 766 2118 44
785 2078 902 2129 errores,
921 2078 990 2130 quos
1010 2076 1039 2115 44
1058 2063 1090 2118 in

77 2143 203 2199 Euclidis
221 2143 293 2198 libro
313 2143 529 2214 deprehendisse
544 2145 747 2213 arbitrabatur,
771 2142 933 2197 emendaret
955 2144 984 2195 et
1002 2143 1088 2198 corri-

77 2226 164 2294 geret.
193 2225 268 2292 quod
286 2223 330 2277 his
350 2222 484 2293 exemplis
502 2224 692 2278 confirmatur:
711 2242 738 2293 p.
753 2228 795 2288 32,
812 2228 846 2275 14
856 2239 914 2291 sqq.
933 2223 1003 2276 miro
1019 2239 1088 2280 4444

77 2303 289 2358 demonstrandi
311 2303 409 2359 ordine
433 2305 469 2373 (u.
486 2321 513 2372 p.
529 2308 562 2355 33
576 2304 644 2373 not.)
669 2302 789 2356 offensus
813 2301 925 2357 solitam
947 2302 1089 2358 rationem

16 2441 20 2448 ,
75 2383 208 2452 restituit,
227 2384 283 2437 nisi
301 2384 376 2453 quod
394 2381 476 2435 initio
491 2381 588 2436 omisit
606 2379 733 2450 incipito
749 2380 845 2435 τὸΑΒ
863 2390 912 2436 τοῦ
927 2386 954 2436 Γ
969 2380 1090 2438 δοθέντι

75 2464 168 2536 μεῖζόν
188 2460 262 2518 ἐστιν
281 2461 297 2533 ἢ
318 2459 348 2517 ἐν
367 2463 438 2535 λόγῳ
457 2462 515 2532 (cfr.
530 2479 557 2530 p.
574 2467 633 2529 166,
648 2462 683 2531 3).

145 2572 173 2623 p.
189 2559 231 2622 52,
247 2559 281 2606 23
300 2552 396 2605 Theon
415 2550 528 2617 errauit,
549 2549 623 2617 quod
642 2549 791 2604 dicendum
810 2567 870 2604 esse
884 2552 1013 2621 putabat,
1033 2551 1090 2605 cir-

76 2635 169 2689 culum
189 2634 287 2687 datum
301 2647 362 2685 csse
375 2627 571 2700 magnitudine
580 2630 607 2699 ¹),
626 2644 716 2698 neque
729 2629 821 2700 magis
835 2629 956 2685 feliciter
969 2629 1001 2685 ὃὲ
1021 2631 1089 2685 sub·

76 2713 170 2787 stituit
192 2730 243 2782 pro
262 2712 317 2781 ἄρα
336 2709 395 2763 sine
415 2708 501 2762 dubio
520 2710 634 2778 propter
651 2709 693 2780 id,
719 2710 795 2779 quod
814 2709 952 2779 sequitur,
971 2709 1091 2766 δέδοται

74 2794 127 2862 γάρ
146 2797 202 2846 κτλ.
223 2809 250 2846 u.
264 2810 291 2861 p.
308 2795 350 2858 ⁷8,
366 2795 394 2857 63
414 2794 473 2857 196,
489 2793 531 2842 21.

145 2900 172 2951 p.
191 2884 298 2948 160,19
317 2878 406 2932 uerba
423 2877 474 2948 μὲν
492 2885 514 2933 Α
533 2878 603 2947 πρὸς
620 2878 671 2947 τὴν
690 2884 728 2945 Δ,
747 2886 796 2947 τῆς
814 2875 847 2931 δέ
870 2893 933 2931 oum
957 2877 994 2930 ad
1012 2876 1030 2930 l.
1052 2883 1089 2932 20

74 2959 155 3030 λόγος
169 2991 201 3000 -
219 2955 317 3020 totels
335 2956 462 3027 referret,
485 2958 532 3013 hic
551 2973 760 3028 superuacanea
779 2973 839 3010 4444
858 2955 1009 3022 iudicauit;
1036 2957 1090 3010 sed

74 3041 112 3095 ad
130 3037 399 3094 demonstrationem
420 3039 583 3107 sequentem
600 3040 692 3093 totam
709 3037 856 3092 referenda
875 3037 947 3090 sunt.
985 3035 1089 3090 similis

74 3123 118 3175 est
136 3120 208 3173 ratio
228 3136 255 3187 p.
271 3122 335 3186 168,
351 3121 432 3186 8-9,
460 3118 510 3172 ubi
533 3117 659 3172 Euclidis
682 3117 770 3171 uerba
792 3115 927 3184 mutauit,
956 3114 1024 3183 quia
1047 3115 1089 3186 id,

73 3200 149 3269 quod
168 3203 221 3251 ΒΔ
241 3198 309 3251 data
328 3199 383 3266 cst,
401 3197 474 3251 nulli
491 3197 555 3252 usui
574 3201 624 3252 est.

147 3395 172 3462 1)
194 3393 331 3447 δεδόσθαι
349 3393 426 3463 apud
444 3393 590 3449 Euclidem
608 3393 684 3447 idem
702 3392 780 3446 ualet
798 3391 873 3460 quod
892 3390 1030 3446 δεδόσθαι
1048 3395 1089 3465 τῷ

74 3462 190 3536 μεγέθει
208 3482 234 3518 u.
250 3463 335 3518 schol.
349 3483 390 3519 nr.
406 3470 447 3519 23.
