2356 3818
93 111 135 175 82
497 115 701 168 ΔΕΔΟΜΕΝΔ.

90 257 157 342 ἄρα
179 265 237 340 τῆς
260 259 325 320 ΕΒ
347 257 430 342 πρὸς
453 257 519 340 την
537 261 600 321 BA
624 257 747 333 δοθείς.
793 264 852 340 της
874 253 912 321 δὲ
930 259 1003 322 ἈΒ
1028 256 1105 343 πρὸς

91 363 154 445 την
173 365 241 426 ΒΓ
259 364 357 444 λόγος
381 360 449 426 ἐστὶ
472 363 599 438 δοθείς·
622 359 678 426 καὶ
701 369 759 445 τῆς
776 365 841 426 ΕΒ
864 363 930 448 ἄρα
948 362 1034 448 πρὸς
1049 363 1104 445 τὴν

92 471 160 532 ΒΓ
187 472 284 550 λόγος
312 466 381 532 ἐστὶ
408 468 531 543 δοθείς.
582 471 641 531 καί
665 466 756 532 ἐστιν
783 465 872 553 ὀρθὴ
899 466 921 550 ἡ
949 466 1016 532 ὑπὸ
1043 477 1102 531 τόν

92 576 195 638 ΒΕΓ
212 577 330 656 γωνία·
355 572 487 638 δέδοται
506 575 570 658 ἄρα
589 575 626 638 τὸ
646 576 749 638 ΕΒΓ
765 575 932 659 τρίγωνον
949 582 997 660 τῷ
1016 573 1101 638 εῖδει·

55 679 323 766 σδοθεῖσαίίρα
352 677 441 744 ἐστὶν
468 679 488 762 η
516 679 582 744 ὑπὸ
606 682 713 744 ΒΓΕ.
759 681 828 743 ἔστι
856 673 894 742 δέ
919 676 976 742 καὶ
999 676 1021 760 ἡ
1042 677 1097 742 ὑπὸ

92 789 192 849 ΒΑΓ
219 789 324 869 γωνία
356 786 509 850 δοθεῖσα·
547 783 603 850 καὶ
635 785 733 868 λοιπὴ
765 786 830 870 ἄρα
861 783 882 866 ἡ
914 783 981 848 ὑπὸ
1009 784 1102 848 ΑΒΓ

92 895 197 974 γωνία
221 892 361 956 δοθεῖσα
384 890 488 956 ἐστιν·
518 889 650 956 δίδοται
673 892 737 976 ἄρα
760 892 797 954 τὸ
821 893 928 954 ΑΒΓ
945 892 1096 976 τρίγωνον

92 1007 137 1084 τῷ
162 999 252 1062 είδει.

567 1135 629 1222 με’.

40 1295 74 1343 10
158 1277 235 1343 Ἐὰν
261 1283 426 1365 τρίγωνον
453 1282 533 1364 μίαν
561 1282 617 1364 ἔχη
641 1281 768 1361 γωνίαν
790 1277 987 1362 δεδομένην,
1013 1277 1048 1341 αί
1063 1269 1090 1338 δέ

90 1383 166 1471 περὶ
189 1387 250 1470 την
273 1383 455 1468 δεδομένην
478 1389 605 1467 γωνίαν
628 1383 768 1471 πλευραὶ
791 1385 1037 1469 συναμφότεραι
1056 1380 1089 1454 ὡς

90 1494 149 1575 μία
172 1493 255 1578 πρὸς
278 1492 339 1574 την
362 1494 482 1574 λοιπὴν
505 1494 606 1574 λόγον
629 1495 727 1575 ἔχωσι
751 1489 946 1574 δεδομένον,
975 1487 1088 1554 δέδοται

90 1600 127 1662 τὸ
151 1601 316 1683 τρίγωνον
339 1607 384 1685 τῷ
409 1598 498 1662 εῖδει.
1170 1608 1172 1621 “

157 1707 238 1769 ἔστω
266 1708 431 1790 τρίγωνον
458 1705 494 1767 τὸ
523 1706 630 1768 ΑΒΓ
655 1705 735 1787 μίαν
765 1705 891 1785 γωνίαν
923 1698 1090 1785 δεδομένηΙ

38 1824 71 1872 16
91 1810 167 1892 ἔχον
189 1811 251 1893 την
273 1810 338 1874 ὑπὸ
362 1820 429 1875 τῶν
452 1812 562 1892 ΒΑΓ,
589 1807 665 1895 περὶ
688 1806 725 1873 δέ
747 1811 809 1893 την
831 1808 896 1873 ὑπὸ
919 1809 1022 1872 ΒΑΓ
1040 1823 1095 1889 γω

89 1919 167 1980 νίαν
195 1917 232 1980 αί
251 1919 406 2001 πλευραί,
438 1913 586 1979 τουτέστι
614 1918 864 2000 συναμφότερος
891 1913 911 1996 ἡ
937 1915 1036 1977 ΒΑΓ
1056 1907 1098 1975 ὣς

89 2024 148 2104 μία
170 2022 253 2106 πρὸς
276 2023 337 2105 την
360 2024 421 2085 ΓΒ
450 2025 551 2103 λόγον
578 2020 676 2104 έχέτω
700 2020 893 2105 δεδομένον·
927 2018 1026 2102 λέγω,
1052 2014 1106 2082 ὅτι

90 2127 127 2189 τὸ
151 2128 257 2189 ΑΒΓ
273 2130 439 2211 τρίγωνον
463 2125 595 2190 δέδοται
618 2136 663 2213 τῷ
688 2127 777 2191 εῖδει.

155 2233 327 2316 τετμήσθω
347 2233 410 2318 γὰρ
429 2233 449 2316 η
468 2232 533 2297 ὑπὸ
552 2242 620 2296 τῶν
639 2235 740 2296 ΒΑΓ
757 2235 862 2314 γωνία
883 2232 959 2315 δίχα
977 2240 1017 2318 τῇ
1036 2215 1115 2294 ΑΛ

35 2351 71 2400 20
89 2338 218 2423 εὐθείᾳ·
251 2337 391 2401 δοθεῖσα
419 2339 482 2424 ἄρα
510 2336 600 2403 ἐστὶν
627 2337 646 2420 ἡ
674 2338 740 2402 ὑπὸ
767 2349 835 2402 τῶν
862 2341 958 2402 ΒΑΛ
985 2334 1123 2419 γωνία·

89 2442 144 2508 καὶ
168 2443 241 2508 έπεί
260 2441 351 2508 ἐστιν
374 2444 418 2520 ὡς
441 2445 461 2528 η
485 2448 547 2509 ΒΑ
570 2445 653 2530 πρὸς
675 2445 736 2528 την
759 2447 839 2527 ΑΓ,
867 2443 974 2519 οὕτως
996 2442 1017 2526 η
1041 2422 1129 2506 ΒΛ

89 2552 172 2636 πρὸς
194 2551 255 2634 την
274 2555 307 2613 Λ
314 2553 351 2633 Γ,
375 2548 512 2628 ἐναλλὰξ
532 2551 576 2628 ὡς
594 2550 614 2633 ἡ
635 2554 700 2614 ΑΒ
723 2551 807 2635 πρὸς
824 2551 885 2633 την
901 2552 974 2632 ΒΔ,
997 2546 1135 2613 offiut?g

89 2657 109 2740 η
124 2664 156 2722 Α
162 2660 195 2721 Γ
211 2658 294 2743 πρὸς
312 2658 373 2741 την
389 2659 462 2720 ΓΔ·
486 2655 541 2720 καί
560 2657 605 2732 ὡς
623 2657 875 2740 συναμφότερος
894 2655 958 2740 ἄρα
973 2654 993 2737 η
1008 2657 1071 2719 ΒΑ
1087 2628 1142 2709 s

88 2763 171 2848 πρὸς
193 2764 254 2847 τὴν
277 2768 306 2827 Β
314 2765 350 2846 Γ,
374 2762 480 2838 οὕτως
502 2763 523 2846 ἡ
546 2767 613 2827 ΑΒ
635 2763 718 2848 πρὸς
741 2763 802 2845 την
825 2765 897 2825 ΒΛ.
944 2762 1043 2843 λόγος
1066 2730 1142 2823 5}

34 2881 69 2931 25
89 2866 345 2952 συναμφοτέρου
368 2876 425 2950 τῆς
448 2872 510 2931 ΒΑ
517 2870 550 2931 Γ
566 2868 649 2953 πρὸς
672 2868 732 2950 την
756 2870 824 2931 ΒΓ
846 2866 974 2942 δοθείς·
1005 2861 1145 2949 λόγσέ

89 2974 153 3058 ἄρα
175 2970 230 3035 καί
253 2982 311 3056 τῆς
334 2976 396 3036 ΒΑ
422 2974 505 3058 πρὸς
528 2974 589 3057 τὴν
612 2977 675 3037 ΒΔ
702 2973 825 3050 δοθείς.
875 2974 934 3037 καί
954 2972 1024 3037 ε’στι
1047 2972 1147 3035 δσ”

160 3235 386 3359 1.ΕΒΞΒΕ7.
443 3235 672 3304 θ.καδτῆςΕΒ
692 3231 994 3306 ἄρα]τηςδέΕΒν.
1053 3205 1142 3289 πσίί

88 3312 165 3360 -3,
187 3307 296 3377 δοθες]
316 3322 368 3359 om.
389 3305 415 3359 b.
476 3310 499 3360 5.
521 3307 619 3378 ΒΓΕ]
637 3315 693 3361 τῶν
711 3310 795 3360 ΑΒΓ
809 3303 896 3375 γωνία
915 3305 942 3360 b.
1003 3311 1027 3360 6.
1045 3303 1137 3359 τίδ’

89 3376 208 3431 ΒΑΓο.
281 3376 478 3432 εωεονο.
551 3382 591 3431 13.
611 3377 654 3448 us]
674 3393 742 3431 corr.
763 3392 797 3430 ex
814 3381 852 3448 τῷ
870 3382 988 3432 m.2v.
1056 3368 1131 3428 14·

87 3445 156 3518 μίαν
176 3449 240 3518 έχον
259 3446 365 3518 γωνίαν
385 3445 539 3518 δεδομένην
557 3449 584 3502 b.
659 3453 699 3502 15.
719 3449 786 3519 τῶν]
806 3464 859 3502 om.
874 3447 901 3501 b.
975 3447 1031 3502 δαδ
1043 3445 1128 3501 vffl'
