2356 3818
125 137 192 199 250
290 137 419 187 mmm
437 136 658 187 PHILOSOPHI
676 136 965 189 COMMENTARIUS

125 280 291 361 εὑρίσκειν
318 281 377 343 τὸν
400 277 527 343 τέλειον
553 287 614 342 τοῦ
636 276 820 362 δεδομένου
841 278 993 364 ὁρισμόν.
1037 279 1129 362 δῆλον

125 386 176 450 δέ.
205 387 255 450 ὄτι
283 384 336 449 καὶ
362 384 520 462 έξισάζειν
547 386 619 467 ἦτοι
646 382 881 470 ἀντιστρέφειν
905 385 1010 450 αὐτὸν
1031 385 1129 467 δεήσει

125 495 209 573 πρὸς
240 494 277 556 τὸ
304 492 453 575 ὁριστόν·
489 489 544 554 καλ
573 491 636 575 γὰρ
663 499 763 555 τοῦτο
793 490 959 577 ὑπάρχειν
990 493 1043 555 δεῖ
1069 502 1129 566 τοῖς

126 598 239 679 ὀρθῶς
261 596 516 681 ἀποδιδομένοις
537 597 697 681 ὁρισμοῖς.
737 600 805 662 ἔστι
828 593 867 662 δὲ
888 605 951 662 τοῦ
972 595 1129 683 προκειμέ

91 726 189 771 ανον
226 713 377 779 τοιοῦτος
418 703 455 768 έν
489 700 551 787 μὲν
588 714 657 780 τοῖς
693 702 922 789 ἁπλούστερον
958 702 1129 788 εἰρημένοις

126 811 277 894 ὁρισμοῖς
307 811 326 875 ὁ
355 813 391 874 τὸ
419 813 564 894 πόριμον
590 809 801 893 ὁρισάμενος,
832 808 870 874 έν
897 805 936 874 δὲ
963 821 1034 886 τοῖς
1058 826 1128 892 σνμ

126 916 362 1000 πεπλεγμένοις
384 916 402 980 ὁ
426 917 463 980 τὸ
488 917 657 999 γνώριμον
679 917 746 998 ἅμα
763 913 820 980 καλ
836 918 996 1000 πόριμον·
1019 915 1129 989 ἀτελεῖς

127 1020 163 1086 δὲ
191 1025 226 1087 οἱ
251 1020 361 1087 λοιποὶ
387 1022 516 1098 πάντες.
560 1022 724 1105 οὔτεγὰρ
748 1021 766 1085 ὁ
789 1023 827 1085 τὸ
849 1020 1050 1106 τεταγμένον
1070 1021 1127 1105 ὁρι

127 1132 261 1212 ζόμενος
290 1129 456 1211 αὐτάρκης
487 1129 571 1212 πρὸς
596 1129 658 1210 τὴν
684 1135 746 1192 τοῦ
773 1126 958 1212 δεδομένου
984 1129 1127 1213 περιοχὴν

75 1255 109 1302 10
128 1237 184 1298 διὰ
207 1236 244 1297 τὸ
262 1237 342 1316 μήτε
360 1243 427 1297 πᾶν
445 1236 524 1316 μήτε
542 1237 648 1317 μόνον
665 1235 703 1297 τὸ
722 1232 922 1318 τεταγμένον
940 1229 1027 1299 εἶναι
1043 1255 1126 1298 κατα-

127 1343 261 1422 ληπτόν,
285 1340 369 1403 ἀλλά
391 1338 447 1404 καὶ
470 1351 537 1404 τῶν
560 1339 710 1404 ἀτάκτων
732 1340 818 1422 τινά,
840 1340 887 1416 ὡς
910 1339 1126 1406 ἐπιδέδεικταν

127 1447 202 1510 οὔτε
234 1446 359 1522 ἐκεῖνος
387 1448 500 1522 λκανὸς
531 1446 549 1512 ὁ
577 1447 748 1531 γνώριμον
779 1445 861 1510 αὐτὸ
889 1445 1126 1530 ἀφοριζόμενος·

127 1550 205 1617 οὐδὲ
233 1554 418 1635 γάρτοῦτο
445 1563 514 1617 πᾶν
537 1551 606 1616 ἐστι
628 1555 850 1636 καταληπτόν,
882 1554 915 1616 εἰ
940 1550 998 1616 καὶ
1023 1554 1126 1636 μόνον·

126 1661 164 1723 τὸ
192 1662 254 1744 γάρ
283 1661 455 1743 ἄγνωστον
483 1659 544 1723 οὐκ
569 1657 614 1723 ἀν
636 1664 688 1741 εἰη
710 1661 928 1741 καταληπτόν.
976 1655 1054 1722 οὐδὲ
1073 1658 1126 1741 μὴν

75 1782 108 1830 15
127 1765 145 1829 ὁ
169 1766 271 1848 ῥητὸν
293 1766 374 1829 αὐτὸ
398 1765 666 1849 ἀποφαινόμενος
689 1764 767 1850 ὁρος
786 1763 912 1840 τέλειος
933 1767 1039 1830 ἔσται·
1061 1757 1127 1828 οὐδὲ

127 1873 190 1953 γὰρ
218 1880 317 1935 τοῦτο
344 1874 448 1955 μόνον
475 1873 698 1953 καταληπτόν,
731 1869 801 1936 ἐπεὶ
830 1868 886 1935 καὶ
915 1881 984 1937 τῶν
1011 1869 1126 1952 ἀλόγων

127 1978 215 2042 τινά·
240 1983 319 2053 ἴσως
342 1975 378 2042 δὲ
402 1974 480 2042 οὐδὲ
502 1987 569 2041 πᾶν
591 1979 629 2042 τὸ
652 1977 754 2061 ῥητὸν
776 1979 998 2062 καταληπτόν,
1020 1978 1064 2054 ὡς
1082 1971 1127 2040 καὶ

127 2093 226 2147 τοῦτο
254 2085 427 2168 διώρισται
454 2087 625 2169 πρότερον.
672 2088 816 2148 λείπεται
844 2084 886 2167 δὴ
915 2082 952 2148 έν
975 2095 1045 2159 τοῖς
1065 2082 1127 2147 ὁνο

127 2200 292 2272 μαστικῶς
306 2189 562 2273 ἀποδεδομένοις
576 2190 613 2254 τὸ
628 2193 782 2275 πόριμον,
800 2189 880 2275 ὅπερ
895 2192 992 2254 δοκεῖ
1002 2190 1128 2274 μάλιστα

73 2312 109 2360 20
127 2296 188 2377 τὴν
215 2294 400 2376 κατάληψιν
428 2294 614 2379 ἐμφαίνειν·
651 2293 707 2359 καὶ
738 2296 801 2380 γὰρ
833 2304 902 2359 πᾶν
932 2296 972 2360 τὸ
999 2299 1128 2380 πόριμον

126 2401 334 2481 καταληπτὸν
352 2399 408 2465 καὶ
426 2405 539 2485 μόνον.
575 2412 621 2489 τῷ
641 2398 678 2466 δὲ
692 2401 832 2488 τοιοότφ
850 2399 907 2465 καὶ
925 2401 943 2467 ὁ
958 2401 1129 2482 Εὐκλείδης

128 2507 287 2592 ἐχρήσατο
302 2507 368 2596 ὁρφ
387 2509 428 2571 τά
442 2509 514 2590 εἴδη
532 2516 592 2572 τοῦ
607 2506 788 2591 δεδομένον
801 2506 911 2572 πάντα
923 2507 1129 2594 ὑπογράφων.

127 2625 194 2679 τῶν
218 2611 255 2679 δέ
278 2612 452 2678 συνθέτων
471 2614 621 2699 ὁρισμῶν
638 2616 740 2697 μόνος
761 2611 885 2689 τέλειός
904 2613 997 2678 ἐστιν
1020 2612 1128 2696 ὁγνώ

128 2745 226 2806 ριμον
259 2722 325 2804 ἅμα
356 2717 413 2784 καὶ
439 2723 584 2804 πόριμον
615 2721 652 2783 τὸ
681 2718 861 2803 δεδομένον
893 2719 1129 2806 ἀφοριζόμενος,

73 2840 107 2888 25
126 2827 214 2907 γένει
242 2823 303 2909 μὲν
330 2826 496 2907 ἀνάλογον
528 2828 612 2908 ἔχων
646 2827 683 2890 τὸ
712 2826 896 2911 γνώριμον,
928 2827 1076 2913 διαφορᾷ
1100 2819 1129 2888 δὲ

126 2933 163 2995 τὸ
186 2934 337 3016 πόριμον.
379 2930 397 2996 ὁ
421 2927 458 2995 δέ
480 2928 679 3014 τεταγμένον
702 2932 768 3014 άμα
791 2928 847 2994 καὶ
868 2934 1015 3017 πόριμον
1035 2929 1129 3014 λέγων

127 3036 257 3118 ἀτελής·
290 3036 330 3099 οὐ
353 3040 438 3119 μόνα
462 3039 524 3123 γάρ
548 3038 588 3101 τὰ
611 3038 748 3101 τοιαῦτά
772 3036 840 3102 έστι
868 3037 1040 3123 δεδομένα.
1082 3032 1128 3101 καὶ

126 3141 144 3208 ὁ
168 3139 367 3225 τεταγμένον
393 3140 449 3206 καὶ
476 3142 578 3227 ῥητὸν
606 3142 727 3226 ὁμοίως
754 3141 911 3219 έλλειπώς
932 3141 1074 3229 περιέχει
1097 3141 1127 3205 τὸ

197 3338 221 3388 4,
241 3330 462 3400 ἀποδεδομένας
480 3333 544 3386 vat.
620 3339 660 3387 12.
681 3332 790 3476 ἱκανός]
810 3331 855 3386 bis
868 3351 895 3387 v.
970 3334 999 3408 ὁ]
1018 3351 1068 3389 om.
1081 3331 1124 3385 Pv.

161 3410 204 3459 20.
223 3402 356 3475 πόριμον]
375 3420 512 3470 πορισμόν
531 3403 560 3457 Ρ.
643 3409 684 3458 25.
707 3403 775 3475 ἔχων
809 3402 873 3459 ἔον
891 3404 958 3460 vat.
1035 3410 1075 3460 26.
1091 3419 1125 3455 τε·

124 3471 276 3546 ταγμένον]
296 3493 340 3535 -ος
359 3491 383 3528 V.
457 3471 558 3546 λέγων]
575 3471 643 3544 λέγω
662 3493 687 3529 v.
762 3480 803 3529 28.
821 3425 851 3545 ὁ]
872 3492 926 3532 om.
946 3494 973 3532 v,
