2356 3818
439 740 742 819 Definitionea

155 917 183 981 1.
205 915 307 981 Data
325 915 593 1001 magnitudine
612 904 764 982 diduntur
777 922 810 982 et
824 918 929 1003 spatia
943 923 976 983 et
989 917 1094 984 lineae

81 1027 117 1086 et
140 1021 262 1108 anguli,
285 1021 402 1106 quibus
427 1021 574 1105 aequalia
598 1043 783 1107 comparare
806 1046 989 1108 possumus.

151 1131 180 1192 2.
221 1128 320 1193 Ratio
358 1128 448 1193 data
482 1149 551 1192 esse
584 1128 715 1214 dieitur,
752 1130 803 1194 eui
841 1131 978 1198 eandem
1008 1152 1093 1196 eom-

73 1257 193 1324 parare
214 1256 397 1321 possumus.

82 1412 86 1420 ,
147 1345 177 1409 3.
200 1342 399 1408 Reatilineae
419 1342 542 1427 figurae
562 1342 690 1427 speeie
714 1342 825 1407 datae
844 1365 914 1408 esse
933 1343 1093 1430 dicuntur,

78 1472 217 1533 quarum
246 1453 278 1513 et
307 1447 428 1533 singuli
452 1447 564 1534 anguli
591 1448 659 1512 dati
687 1454 764 1513 sunt
791 1454 824 1512 et
845 1436 984 1514 latenim
1006 1450 1093 1515 inter
1150 1518 1152 1522 Α

78 1578 114 1620 se
138 1555 281 1620 rationes
305 1555 408 1620 datae.

146 1663 176 1726 4.
212 1660 418 1726 Positione
451 1660 540 1725 data
567 1681 637 1724 esse
666 1660 817 1725 dicuntur
849 1665 882 1725 et
908 1666 1030 1746 puncta
1058 1666 1091 1726 et

76 1767 183 1832 lineae
207 1773 240 1832 et
258 1767 381 1854 anguli,
404 1788 485 1850 quae
505 1767 641 1831 eundem
660 1788 787 1850 semper
804 1766 912 1832 locum
932 1767 1091 1833 obtinent.

146 1875 176 1940 ὃ,
215 1873 364 1940 Circulus
405 1873 674 1961 magnitudine
706 1874 818 1939 datus
855 1896 925 1940 esse
962 1874 1091 1961 dieitur,

76 1981 173 2046 cuius
195 1981 304 2045 radius
329 1980 423 2045 datus
447 1984 497 2044 est
519 1978 751 2066 magnitudine.
821 2039 822 2042 ,

145 2088 174 2151 6.
212 2086 414 2151 Positione
448 2090 556 2150 autem
588 2090 621 2149 et
653 2085 920 2172 magnitudine
949 2087 1088 2152 circulus

75 2194 173 2258 datus
197 2215 266 2258 esse
290 2193 418 2278 dieitur,
441 2191 532 2257 cuius
552 2196 698 2257 centrum
718 2193 829 2257 datum
848 2197 898 2257 est
916 2193 1088 2278 positione,

73 2299 186 2364 radius
210 2304 318 2364 autem
342 2297 575 2385 magnitudine.
614 2377 615 2380 Ἴ

145 2407 172 2470 7.
203 2403 378 2491 Segmenta
396 2405 591 2470 circulorum
614 2404 880 2489 magnitudine
904 2387 993 2469 data
1016 2426 1087 2469 esse

74 2512 238 2597 dicuntur,
260 2511 296 2575 in
318 2511 436 2594 quibus
459 2509 572 2596 anguli
591 2510 658 2576 dati
678 2514 754 2575 sunt
776 2515 810 2574 et
827 2511 921 2574 bases
941 2531 1086 2596 segmen·

74 2623 187 2683 torum
210 2618 443 2703 magnitudine.

145 2727 173 2790 8.
206 2722 408 2789 Positione
432 2729 540 2789 autem
564 2727 602 2788 et
624 2722 890 2808 magnitudine
917 2726 1085 2808 segmenta

73 2833 167 2896 data
199 2852 269 2894 esse
301 2830 461 2915 dicuntur,
491 2831 526 2894 in
557 2829 674 2913 quibus
707 2833 740 2893 et
772 2829 883 2914 anguli
911 2828 978 2894 dati
1008 2834 1084 2894 sunt

922 2981 1081 2989 ——

108 3086 132 3134 9.
152 3077 261 3148 λέγεται
275 3078 300 3148 β.
360 3077 400 3147 τε]
420 3092 473 3130 om.
488 3076 513 3146 β.
580 3079 621 3162 19.
642 3071 745 3145 ἐπέχει]
766 3073 820 3144 ἔχει
832 3074 898 3130 vat.
961 3079 1002 3129 13.
1021 3071 1082 3144 καί]

40 3214 47 3229 ’
70 3153 420 3292 diiiirad.comliii]mmaiini
432 3234 494 3271 cnm
512 3147 626 3271 &dedii
646 3152 832 3288 (εέεἷῗῖἶὸοιέῃτε.1
856 3163 881 3200 γ’
902 3143 1081 3271 εἰσίνΙΞὝΞἨ

108 3296 150 3347 19.
170 3291 299 3361 τμήματα
318 3291 425 3344 κύκλων
444 3290 470 3360 β.
542 3293 584 3342 20.
604 3289 653 3361 τῷ]
672 3303 725 3342 om.
745 3286 869 3341 PVatm

886 3375 919 3425 1*
