2356 3818
123 152 166 218 92
525 154 728 206 AEAOMENA.

123 297 224 380 λέγω,
261 297 311 362 ὅτι
347 295 403 361 καὶ
440 296 457 362 ὁ
494 297 577 382 πρὸς
609 298 735 379 ἄλληλα
767 295 880 360 αὐτῶν
915 296 1012 376 λόγος
1040 295 1117 358 ἔσται
1169 308 1171 313 ’

125 405 248 479 δοθείς.

191 510 342 592 εἰλήφθω
367 509 429 594 γὰρ
452 520 520 573 τῶν
542 512 626 591 ΑΒ,
646 511 707 573 ΓΛ
735 511 829 594 τρίτη
854 506 1018 588 ἀνάλογον
1038 504 1057 588 ἡ
1074 503 1130 567 Η·

125 617 215 679 ἔστιν
233 617 297 699 ἀρα
316 615 361 690 ὡς
378 614 398 697 ἡ
417 619 483 678 ΑΒ
507 615 590 700 πρὸς
608 615 669 698 τὴν
688 618 759 697 ΓΛ,
783 613 802 696 ἡ
822 617 885 678 ΓΛ
906 614 990 700 πρὸς
1007 613 1062 696 τὴν
1076 609 1137 673 Η·

89 733 105 781 ὁ
124 723 222 805 λόγος
245 717 282 785 δὲ
305 721 323 786 ό
347 729 404 804 τῆς
427 725 492 784 ΑΒ
520 721 603 806 πρὸς
627 724 688 784 ΓΛ
716 722 843 796 δοθείς·
875 722 975 802 λόγος
997 721 1058 804 ἀρα
1074 708 1154 780 ναὶ

124 836 182 910 τῆς
205 829 266 891 ΓΛ
288 828 372 912 πρὸς
394 827 456 910 τὴν
478 830 517 890 Η
541 827 668 902 δοθείς·
702 828 785 893 ὥστε
807 823 863 890 καὶ
886 834 945 909 τῆς
966 829 1033 890 ΑΒ
1053 821 1162 909 πρὸς

125 935 186 1017 τὴν
208 937 248 997 Η
267 936 365 1015 λόγος
388 930 457 997 ἐστὶ
480 933 603 1009 δοθείς.
650 933 695 1008 ὡς
717 929 755 996 δὲ
777 931 797 1014 ἡ
817 936 883 996 ΑΒ
905 932 990 1015 πρὸς
1010 931 1066 1014 τὴν
1081 925 1163 1004 Is,

125 1039 231 1116 οὕτως
253 1040 290 1104 τὸ
313 1044 345 1104 Ε
365 1040 449 1123 πρὸς
471 1040 508 1103 τὸ
534 1044 574 1102 Ζ·
600 1041 698 1122 λόγος
721 1041 785 1125 ἀρα
808 1047 868 1103 τοῦ
891 1042 923 1102 E
944 1038 1027 1124 πρὸς
1046 1035 1076 1099 τὸ
1094 1029 1162 1095 Z

125 1147 248 1221 δοθείς.

74 1281 106 1328 10
599 1267 664 1333 να’.

191 1390 267 1456 Ἐάν
290 1392 352 1456 δύο
376 1391 506 1456 εὐθεῖαι
528 1393 612 1477 πρὸς
634 1391 778 1474 ἀλλήλας
800 1395 902 1473 λόγον
925 1393 1022 1474 ἔχωσι
1044 1385 1155 1452 δεδι,

125 1497 226 1581 μένον
244 1495 299 1561 καὶ
324 1495 380 1562 ἀπ’
397 1497 508 1562 αὐτῶν
524 1497 755 1583 εὐθύγραμμοι,
779 1497 799 1562 ἀ
818 1499 944 1580 ἔτυχεν,
962 1490 1152 1579 ἀναγραφῇ

126 1602 286 1688 δεδομένα
309 1613 354 1691 τῷ
378 1605 469 1686 εἴδει,
492 1605 594 1685 λόγον
616 1602 680 1681 ἔξει
702 1604 785 1689 πρὸς
803 1604 930 1685 ἀλληλα
949 1597 1139 1685 δεδομένον·

193 1711 255 1775 δύο
278 1711 341 1796 γάρ
365 1709 494 1775 εὐθεῖαι
517 1709 555 1774 αλ
575 1713 656 1792 ΑΒ,
676 1712 737 1773 ΓΛ
763 1710 846 1795 πρὸς
873 1707 1017 1791 ἀλλήλας
1037 1706 1142 1786 λόγον

48 1830 106 1901 ¹15
126 1815 287 1900 ἐχέτωσαν
311 1814 504 1900 δεδομένον,
534 1813 589 1879 καὶ
612 1815 860 1901 ἀναγεγράφθω
884 1813 949 1880 ἀπὸ
972 1824 1038 1878 τῶν
1057 1806 1133 1881 AB,
1169 1864 1171 1897 :

127 1926 188 1986 ΓΛ
207 1922 436 2007 εὐθύγραμμα,
459 1921 622 2005 ἀέτνχεν,
646 1920 807 2006 δεδομένα
824 1931 870 2010 τῷ
890 1922 971 1986 εῖδει
989 1913 1131 2000 wcm'
1169 1910 1171 1921 ¹

126 2026 221 2110 λέγω,
245 2029 295 2092 ὅτι
317 2037 378 2092 τοῦ
401 2033 433 2091 Ε
453 2029 536 2113 πρὸς
559 2029 596 2092 τὸ
621 2033 648 2092 Ζ
672 2030 770 2110 λόγος
793 2024 861 2091 ἐστὶ
885 2028 1009 2102 δοθείς.

194 2132 440 2218 ἀναγεγράφθω
469 2134 531 2219 γάρ
560 2133 624 2198 ἀπὸ
647 2143 705 2217 τῆς
728 2138 793 2197 ΑΒ
820 2141 866 2217 τῷ
892 2137 919 2195 Ζ
948 2132 1058 2215 όμοιον
1074 2113 1124 2191 καὶ

127 2238 249 2322 ὁμοίως
270 2241 422 2322 κείμενον
444 2240 481 2303 τὸ
505 2244 621 2304 ΑΗΒ.
659 2238 792 2304 δέδοται
814 2235 851 2302 δὲ
873 2239 911 2302 τὸ
932 2242 960 2302 Ζ
982 2247 1028 2326 τῷ
1045 2233 1119 2301 εῖδει·

75 2359 108 2408 20
127 2342 259 2408 δέδοται
291 2345 355 2429 ἀρα
381 2343 437 2408 καὶ
465 2347 502 2409 τὸ
530 2350 636 2410 ΑΗΒ
669 2356 714 2433 τῷ
743 2346 832 2410 εἴδει.
883 2342 968 2409 ἀλλὰ
993 2345 1055 2429 μὴν
1076 2327 1117 2402 καὶ

127 2451 164 2514 τὸ
184 2455 215 2514 Ε
237 2450 368 2515 δέδοται
387 2460 432 2538 τῷ
452 2451 533 2515 εἴδει
551 2448 606 2514 καὶ
625 2450 870 2536 ἀναγέγραπται
885 2450 949 2515 ἀπὸ
963 2459 1022 2533 τῆς
1038 2445 1116 2524 αὐτῆς
1169 2468 1171 2477 ·

127 2556 261 2633 εὐθείας
287 2565 344 2640 τῆς
372 2561 437 2621 ΑΒ
445 2577 451 2591 ·
485 2560 583 2639 λόγος
615 2558 678 2642 ἀρα
709 2566 769 2621 τοῦ
796 2561 829 2621 Ε
857 2557 941 2643 πρὸς
968 2557 1006 2621 τὸ
1033 2547 1115 2619 ΑΗΒ

127 2663 249 2739 δοθείς.
295 2661 350 2738 καὶ
378 2661 446 2727 ἐπεὶ
474 2665 572 2746 λόγος
600 2661 669 2728 ἐστὶ
696 2672 754 2746 τῆς
782 2667 847 2727 ΑΒ
880 2664 964 2749 πρὸς
990 2663 1050 2746 τὴν
1073 2655 1116 2721 ΓΛ
1141 2722 1145 2733 ,

198 2857 222 2906 1.
242 2850 343 2906 καλ-
362 2858 386 2906 2.
407 2850 516 2923 δοθείς]
540 2852 621 2923 λόγος
644 2852 700 2908 ἐστὶ
718 2861 768 2907 τοῦ
788 2857 842 2907 ΒΕ
863 2853 934 2922 πρὸς
951 2853 1002 2908 τόν
1023 2855 1070 2906 ΖΔ
1085 2848 1120 2901 δν·

129 2920 192 2984 θεός
210 2922 236 2976 b.
321 2929 344 2976 1.
371 2922 457 2993 ἔσται]
482 2941 570 2993 comp.
590 2925 654 2978 ἵνα.
738 2930 762 2978 3.
786 2925 854 2995 τῶν]
878 2941 947 2979 corr.
967 2940 1002 2978 ex
1019 2922 1050 2978 τό
1064 2919 1122 2974 ωδ

128 2993 192 3046 vat.
266 2990 355 3064 τρίτη]
374 2992 418 3046 bis
437 2994 463 3047 b.
538 3001 562 3048 4.
583 2993 700 3064 οάτωςὴ
717 2999 766 3049 ΓΔ
784 2995 811 3050 b.
884 2994 936 3063 τήν
946 2993 1029 3066 (alt.)]
1048 2986 1122 3047 omb-

164 3068 188 3116 ὁ.
209 3063 236 3133 ὁ]
256 3078 309 3116 om.
329 3063 355 3117 b.
437 3064 488 3133 τὴν
510 3068 559 3118 ΓΔ
577 3082 601 3119 v.
684 3073 708 3119 6.
733 3066 815 3135 ὁτῆς
835 3069 885 3120 ΓΔ
902 3065 933 3121 Ρ.
1016 3070 1040 3119 8.
1059 3060 1125 3130 λόγον

130 3164 161 3184 ,-
184 3134 217 3204 Ζ]
237 3149 290 3186 om.
310 3133 337 3187 b.
410 3134 526 3189 καὶτοῦ
546 3153 570 3189 v.
645 3142 686 3190 12.
706 3135 741 3189 τὰ
759 3134 810 3191 ἀπ’
827 3137 845 3207 β
864 3139 931 3206 (non
944 3136 981 3206 b).
1054 3130 1126 3205 ἅμα

128 3205 202 3273 δῖνα,
221 3202 291 3256 item
308 3203 357 3257 lin.
378 3209 419 3258 16.
501 3211 541 3259 15.
566 3205 635 3277 ἀπό]
653 3206 708 3260 ὑπό
727 3207 753 3261 b.
837 3213 878 3261 16.
900 3206 977 3278 ἔτυχε
996 3206 1024 3261 b.
1089 3196 1127 3272 τό]

128 3291 196 3329 corr.
217 3291 251 3327 ex
268 3275 306 3327 τώ
325 3292 360 3327 m.
381 3281 396 3327 2
416 3275 480 3330 Vat.
564 3282 605 3331 17.
630 3275 673 3331 ὅτι
690 3277 771 3346 λόγος
790 3276 845 3331 ἐστὶ
863 3286 914 3332 τοῦ
934 3281 960 3332 Ε
982 3277 1052 3345 πρὸς
1066 3271 1128 3329 αδδ

127 3343 227 3408 δοθείς
244 3345 271 3398 b.
355 3350 396 3399 18.
416 3348 465 3417 τῷ]
485 3363 552 3401 corr.
573 3364 607 3401 ex
625 3347 656 3401 τό
674 3366 710 3402 m.
731 3355 746 3401 2
766 3366 791 3402 v.
875 3353 916 3403 19.
942 3349 1129 3418 εόθόγραμμο*

126 3416 257 3471 τδΑΗΒ
271 3416 367 3470 Vat.v.
423 3419 518 3488 AHB]
538 3418 635 3488 AHb,
655 3418 723 3472 item
736 3417 785 3473 lin.
796 3424 839 3488 20,
854 3425 896 3473 22.
953 3412 1130 3487 20.m1(pr.)]
1169 3442 1171 3447 v

120 3504 207 3556 εαμωο
224 3505 261 3542 111.
283 3492 301 3541 2
320 3505 343 3542 v.
