2356 3818
461 173 469 186 ·
500 151 664 205 scnomA.
1021 155 1086 220 283

453 345 506 412 Ad
527 370 619 432 prop.
642 347 706 413 XL.

138 472 191 536 91.
219 468 364 536 Δέδοται
383 472 447 556 ἄρα
466 473 503 536 τὸ
522 476 626 536 ΔΖΕ
641 477 806 557 τρίγωνον
823 496 853 557 p.
871 477 922 559 70,
936 476 993 561 21]
1018 477 1087 542 ἐπεὶ

72 574 134 644 οὖν
157 576 290 643 δέδοται
314 575 450 663 ἑκατέρα
467 587 536 642 τῶν
553 583 631 662 ΛΕ,
645 583 718 663 ΕΖ,
742 578 874 646 δέδοται
893 579 948 646 καλ
967 583 984 648 ὁ
1003 585 1086 670 πρὸς

73 683 217 767 ἀλλήλας
247 684 358 748 αὐτῶν
386 686 484 766 λύγος
511 685 626 749 διὰτὸ
651 683 694 749 α’.
745 685 866 770 ὁμοίως
892 686 948 753 καὶ
975 689 993 755 δ
1018 701 1086 755 τῶν

73 795 150 874 ΕΖ,
171 795 232 854 ΖΔ
260 788 393 854 δέδοται
420 793 531 872 λύγος·
564 789 619 856 καὶ
643 794 690 856 έτι
714 791 823 856 ὁτῶν
847 796 1010 877 ΖΑ,ΛΕ
1034 795 1085 859 δέ-
1122 805 1138 852 5

74 897 167 961 δοται
191 900 298 979 λύγος.
335 899 404 961 έστι
428 892 466 960 δὲ
487 894 543 961 καλ
567 894 685 981 ἑκύστη
704 908 772 963 τῶν
789 905 833 982 Δ,
847 905 887 982 E,
907 904 935 963 Z
954 911 1102 983 γωνιῶν

74 1000 234 1086 δεδομένη
258 1012 303 1089 τῷ
326 1001 469 1086 μεγέθει.
507 1002 639 1069 δέδοται
658 1005 723 1091 ἄρα
741 1007 778 1070 τὸ
796 1010 898 1071 ΔΕΖ
922 1010 1086 1093 τρίγωνον

72 1117 118 1196 τῷ
141 1111 233 1192 εἴδει,
256 1109 301 1185 ὡς
325 1109 361 1174 έν
383 1120 454 1186 τοῖς
476 1109 575 1195 ὅροις.
789 1107 792 1113 ’

140 1233 191 1296 92.
219 1231 364 1298 Δέδοται
387 1234 451 1319 ἄρα
473 1230 589 1298 καὶτὸ
613 1238 718 1299 ΑΒΓ
740 1258 771 1319 p.
792 1233 847 1320 70,
866 1236 924 1321 23]
953 1235 1022 1302 ἐπεὶ
1045 1238 1085 1302 τδ

72 1342 186 1422 ΑΒΓ,
209 1343 311 1403 ΔΕΖ
343 1341 490 1426 τρλγανα
517 1338 683 1422 ἀνάλογον
713 1342 830 1425 ἔχοντα
857 1344 916 1441 τᾲς
941 1345 1086 1430 πλευρὰς
1105 1352 1139 1401 10

73 1444 218 1529 ἐδείχθη,
241 1455 308 1509 τῶν
332 1441 369 1509 δδ
391 1453 452 1509 τοῦ
470 1448 576 1509 ΑΒΓ
593 1447 760 1531 τριγώνου
778 1453 932 1534 πλευρῶν
951 1449 969 1515 ὁ
988 1453 1086 1533 λόγος

72 1550 90 1615 ὁ
113 1552 197 1636 πρὸς
219 1550 363 1633 ἀλλήλας
382 1549 524 1635 δέδοται,
547 1550 702 1616 δέδονται
721 1549 758 1616 δὲ
776 1554 880 1618 αὐτοῦ
899 1557 937 1619 αλ
953 1559 1085 1638 γωνίαι·

72 1663 142 1721 δσαι
165 1657 229 1743 γύρ
254 1658 318 1721 εἰσι
340 1668 413 1733 ταῖς
434 1665 495 1721 τοῦ
517 1662 620 1723 ΔΕΖ
647 1659 828 1743 τριγώνου·
861 1659 993 1725 δέδοται
1021 1663 1085 1748 ἄρα

71 1772 116 1851 τῷ
141 1764 232 1846 εἴδει,
256 1763 301 1838 ὡς
324 1761 360 1827 έν
382 1773 452 1838 τοῖς
474 1763 574 1848 ὅροις.

426 1974 479 2040 Ad
500 1997 592 2060 prop.
615 1975 730 2041 XLHI.

140 2100 193 2166 93.
225 2098 320 2165 Θέσει
339 2101 404 2186 ἄρα
423 2096 492 2164 ἐστὶ
510 2100 547 2164 τὸ
566 2103 675 2165 ΔΗΕ
695 2088 891 2185 ἡμικύκλιον
913 2126 943 2186 p.
960 2104 1013 2186 76,
1026 2103 1084 2188 23]

71 2205 141 2271 ἐπεὶ
163 2207 228 2293 γὰρ
251 2217 354 2270 κεῖται
377 2203 398 2287 ἡ
419 2209 489 2270 ΛΕ
509 2214 548 2289 τῇ
571 2203 665 2271 θέσει
689 2204 812 2295 καὶτῷ
835 2206 969 2292 μεγέθει
992 2209 1085 2274 δεδο-

42 2344 45 2348 ·
69 2312 164 2398 μένη,
187 2313 301 2397 δῆλον,
324 2311 385 2394 ὅτι,
409 2309 468 2375 ε’δν
491 2316 602 2396 τμηθῇ
626 2313 703 2396 δίχα
725 2312 743 2378 ὁ
766 2314 897 2398 κύκλος,
920 2317 989 2380 ἔστι
1012 2313 1085 2380 κέν-

69 2443 152 2504 τρον
170 2427 230 2483 τοῦ
248 2418 376 2482 κύκλον
391 2416 412 2500 ἡ
431 2415 573 2501 ἡμίσεια,
591 2417 763 2484 τουτέστιν
781 2419 801 2503 ἡ
821 2419 856 2484 ἐκ
870 2429 930 2484 τοῦ
943 2419 1084 2506 κέντρου

143 2615 185 2665 91.
205 2608 652 2676 PlVat.vbM0n.Ambr.zoplc.
686 2591 687 2595 '
718 2615 759 2663 99.
780 2628 802 2664 ι.
866 2615 907 2665 99.
926 2610 1083 2666 Plvat.vb

70 2685 116 2752 (m.
127 2684 193 2751 rec.)
202 2681 276 2734 Mon.
282 2679 428 2747 Ambmp.

142 2863 166 2912 3.
186 2853 239 2912 ούν
254 2885 289 2898 -·-
300 2859 371 2928 τῶν]
388 2856 441 2926 γὰρ
456 2852 607 2924 δεδομέναι
621 2855 691 2910 εἰσὶν
704 2855 736 2909 αἱ
753 2856 848 2910 Ambr.
911 2859 980 2929 τῶν]
994 2857 1046 2926 τήν
1064 2857 1082 2914 l.

107 2934 132 2984 4.
148 2926 265 3001 δμοίως]
280 2927 326 2998 Pl,
342 2925 444 2997 ὁμοίως
456 2924 489 2981 δέ
503 2928 568 2980 cett.
624 2931 648 2981 δ.
663 2925 745 2996 λόγος
758 2924 872 2982 δέδοται
885 2927 979 2982 Ambr.
1035 2927 1085 2983 καί

69 3031 106 3040 -
120 3005 144 3053 6.
164 2998 256 3072 λύγος]
276 3015 329 3054 om.
349 3017 372 3053 z.
437 3004 461 3053 6.
480 2998 547 3068 τῶν]
566 3006 622 3053 τὸνν
640 2997 710 3066 πρός
728 2998 822 3053 Ambr.
890 3005 914 3053 7.
934 2997 1084 3073 δεδομένη]

70 3092 105 3143 -ῳ
124 3069 152 3125 b.
226 3076 268 3125 11.
288 3071 387 3140 ΑΒΓ]
402 3086 455 3123 om.
471 3087 485 3122 ι
504 3068 557 3122 lae.
572 3068 679 3124 relicta.
751 3074 792 3124 18.
812 3067 929 3139 κέντρον
945 3069 1022 3125 ἔσται
1033 3080 1084 3125 τοῦ

69 3141 174 3196 κύκλον
191 3141 285 3195 Ambr.
372 3137 489 3208 κέντρον
508 3170 542 3179 -
563 3144 604 3194 19.
623 3138 746 3212 ἡμίσεια]
765 3141 882 3196 καὶτοῦ
900 3141 1004 3197 κύκλον
1022 3139 1085 3211 ἡμί-

71 3229 132 3265 σεια
151 3212 178 3266 b.
234 3209 363 3283 κέντρον]
382 3210 400 3280 η
420 3210 451 3266 ἐκ
468 3219 517 3265 τοῦ
537 3208 655 3279 κέντρον
673 3230 696 3266 z.
771 3218 812 3265 19.
832 3212 849 3282 ἡ
868 3210 980 3282 ἡμίσεια
1006 3231 1085 3266 τούτ-

70 3280 158 3354 έστιν]
176 3282 208 3337 ιδ
227 3291 354 3374 σημελρν,
378 3279 449 3336 καθ’
458 3279 486 3372 ηδ
509 3280 637 3374 τέμνεται
660 3279 766 3406 δέχαέη
785 3282 911 3406 AEAmp)
923 3280 954 3337 δὲ
972 3256 1085 3352 δμίσεια

70 3352 147 3551 ἷῖἷέζ
158 3352 611 3566 ἕὴῖἓλζέιᾝρῖλέῖλύλλλλζ·
639 3373 691 3479 ’λῖν
707 3354 882 3493 διδέῖλλιι
905 3370 939 3479 ξι
961 3373 1085 3494 κᾶλλ’,

69 3516 107 3549 κα
249 3515 388 3566 ιχοτομια·
407 3515 444 3549 κα
475 3513 497 3550 z.
