2356 3818
122 137 188 200 242
293 142 424 192 ωκειωι
441 141 662 192 PHILOSOPHI
681 140 967 192 οοιιωεαοεειοε

122 282 143 366 ἢ
162 281 274 347 θέσιν·
299 281 370 347 ἄλλ’
388 279 485 360 οὗτος
503 280 564 367 μὲν
583 282 600 348 ὁ
621 283 698 367 ἄρος
716 284 906 367 κοινότερός
925 281 1025 365 ἐστιν,
1044 282 1128 356 ἰδίως

123 385 159 453 δὲ
182 387 238 453 καὶ
261 387 340 453 καθ’
362 388 442 453 αὑτὸ
466 389 568 474 ῥητόν
592 388 692 470 ἐστιν,
716 387 733 452 ὃ
756 387 840 452 κατᾶ
863 410 940 452 τινα
957 388 1127 470 γιγνώσκο-

123 519 184 579 μεν
208 495 355 579 ἀριθμὸν
378 496 460 579 πρὸς
483 496 520 559 τὸ
544 505 583 580 τῇ
606 493 700 559 θέσει
723 492 859 579 μέτρον,
887 497 1084 576 παλαιστήν,
1103 494 1129 556 εί
1155 511 1158 517 ·

122 603 231 685 τύχοι,
255 601 275 684 ἢ
299 601 472 666 δάκτυλον.

87 724 103 770 ο
190 696 276 772 οὕτω
305 709 347 791 δη
374 704 670 793 προδιωρισμένων
697 707 782 793 ῥᾷον
809 709 902 771 ἔσται
930 707 1047 771 λοιπὸν
1069 705 1128 770 ε’πι-

123 825 258 878 σκοπεῖν
282 814 343 894 τύν
365 836 399 877 τε
423 817 603 877 κοινωνίαν
626 824 693 877 τῶν
712 811 897 898 εἰρημένων
915 810 972 877 καὶ
990 813 1051 894 την
1066 811 1128 874 δια-

122 920 243 1005 φορᾶν,
266 917 322 983 καὶ
345 929 487 1004 πρῶτον,
512 920 599 995 ὅπως
623 921 688 1002 ἔχει
711 920 749 983 τὸ
772 917 973 1002 τεταγμένον
995 919 1077 1002 πρὸς
1096 917 1128 980 τὸ

123 1028 291 1111 γνώριμον
326 1023 381 1089 καί
414 1026 454 1088 τᾶ
486 1025 617 1101 τούτοις
649 1024 857 1108 ἀντικείμενα
889 1027 973 1109 πρὸς
1006 1026 1128 1106 ἄλληλα.

124 1134 184 1197 οὐκ
208 1136 277 1197 έστι
301 1133 342 1215 δὴ
366 1142 433 1196 τῶν
453 1130 742 1216 ἀντιστρεφόντων
760 1131 800 1194 τὰ
818 1139 956 1195 τοιαῦτα
976 1126 1053 1194 οὐδὲ
1070 1129 1128 1212 μην

73 1251 106 1298 10
126 1237 273 1320 ἐκείνων,
297 1237 333 1302 έν
355 1230 406 1313 οἷς
428 1240 465 1302 τὸ
488 1237 601 1323 ἕτερον
624 1246 685 1302 τοῦ
708 1235 821 1323 ἑτέρον
845 1235 898 1301 έπί
916 1234 1019 1301 πλέον
1041 1235 1128 1300 ἐστίν.

124 1346 155 1407 εί
181 1344 244 1427 γᾶρ
277 1341 333 1407 καὶ
360 1345 456 1408 κοινᾶ
484 1344 597 1419 αὐτοῖς
624 1344 730 1408 πολλοὶ
757 1343 911 1429 ύπᾶρχει,
944 1342 990 1418 ὡς
1019 1343 1055 1406 τὸ
1080 1339 1129 1403 διὰ

124 1450 186 1513 δύο
216 1453 359 1531 σημείων
388 1451 524 1514 εὐθεῖαν
554 1449 680 1534 γράψαι
711 1448 767 1514 καὶ
799 1451 855 1514 διὰ
882 1460 987 1533 τριῶν
1017 1436 1143 1512 κύκλονΙ

123 1553 178 1619 καί
208 1557 406 1640 ἰσόπλευρον
434 1556 680 1638 συστήσασθαι,
712 1554 796 1620 ἄλλᾶ
825 1555 862 1618 τὸ
890 1555 1129 1638 τετραγωνίζειν

125 1663 184 1725 τὸν
206 1662 330 1725 κύκλον
348 1659 546 1745 τεταγμένον
570 1659 640 1744 μέν,
663 1663 836 1742 ἄγνωστον
859 1657 909 1724 δέ·
932 1658 990 1724 καί
1013 1660 1062 1723 ὅτι
1079 1660 1129 1741 μία

73 1780 106 1828 15
126 1776 184 1850 τῆς
211 1767 318 1843 ἕλικος
344 1765 403 1852 ἀφ’
429 1766 502 1842 ἑνὸς
526 1770 661 1850 σημείου
686 1766 874 1852 έφᾶπτεται,
898 1778 966 1831 τῶν
988 1760 1129 1848 τεταγμέ-

124 1897 193 1938 νων
221 1872 276 1938 καὶ
304 1875 348 1957 μὴ
378 1871 601 1955 ἐνδεχομένων
629 1875 737 1949 ἄλλως
764 1875 851 1956 ἔχειν
874 1871 978 1936 ἐστίν·
1011 1871 1052 1934 οὐ
1073 1871 1130 1953 μην

125 1978 180 2043 καὶ
199 1983 361 2061 ἔγνωσται
380 1980 483 2044 αὐτοῦ
503 1980 523 2063 ἡ
543 1977 709 2056 ἀπόδειξις
727 1981 800 2062 ἤτοι
817 1980 1013 2060 κατασκευή.
1039 1975 1131 2041 πᾶλιν

125 2083 157 2147 δ’
174 2082 216 2150 αὗ
236 2086 256 2169 η
276 2084 327 2150 ἐπ’
344 2087 481 2170 ἄπειρον
499 2087 581 2169 τομὴ
605 2084 660 2148 καί
679 2086 699 2168 ἡ
718 2094 778 2149 τοῦ
797 2089 965 2167 σκαληνοῦ
985 2083 1133 2156 σύστασις

126 2193 287 2270 ἔγνωσται
310 2190 385 2273 μέν,
413 2190 521 2256 ούκέτι
546 2188 582 2255 δὲ
605 2190 659 2255 καί
683 2190 847 2274 τέτακται,
875 2191 959 2254 ὥστε
983 2189 1132 2273 φανερόν,

73 2310 108 2358 20
128 2295 178 2359 ὅτι
212 2297 301 2359 ἔσται
334 2305 394 2359 τοῦ
425 2295 624 2380 τεταγμένον
656 2298 693 2360 τὸ
725 2293 785 2380 μέν
812 2296 999 2380 γνώριμον,
1034 2295 1070 2357 τὸ
1100 2286 1132 2354 δέ

126 2402 312 2484 ἄγνωστον,
348 2400 403 2466 καὶ
440 2402 603 2467 ἄνᾶπαλιν
641 2400 678 2467 δέ
714 2412 774 2466 τοῦ
806 2405 978 2486 γνωρίμου
1010 2401 1047 2464 τὸ
1078 2395 1131 2483 μὲν

125 2505 337 2591 τεταγμένον,
374 2509 411 2572 τὸ
444 2506 481 2572 δὲ
513 2510 684 2573 ἄτακτον·
715 2507 770 2573 καί
803 2509 908 2583 οὕτως
940 2510 1007 2591 ἔχει
1038 2514 1131 2571 ταῦτα

125 2615 208 2699 πρὸς
231 2616 365 2697 ἄλληλα,
389 2615 434 2690 ὡς
456 2616 493 2678 τὸ
517 2615 652 2696 λογικὸν
676 2615 758 2700 πρὸς
780 2615 817 2678 τὸ
840 2615 951 2690 πεζόν·
976 2613 1052 2677 ούτε
1075 2611 1131 2693 γιὶρ

127 2717 261 2797 έξισᾶζει
294 2722 334 2784 τὰ
362 2729 498 2785 τοιαῦτα
526 2723 602 2785 ούτε
633 2723 699 2804 μην
726 2722 763 2784 τὸ
790 2718 904 2804 ἕτερον
936 2727 999 2783 τοῦ
1026 2716 1130 2801 ἑτέρον

67 2838 107 2886 κο
127 2822 180 2888 ἐπὶ
203 2824 303 2890 πλέον
327 2827 425 2891 ἐστίν.

193 2929 314 3012 ὁμοίως
341 2929 378 2996 δὲ
406 2935 469 3015 ε”χει
497 2930 613 2996 καὶτὸ
637 2928 835 3015 τεταγμένον
858 2929 976 2996 καὶτὸ
1000 2933 1130 2996 ἄτακτον

126 3035 209 3118 πρὸς
223 3035 260 3098 τὸ
275 3039 417 3120 πόριμον
436 3036 541 3102 καὶτὸ
557 3039 696 3123 ἄπορον·
722 3039 880 3102 κοινωνία
894 3060 930 3101 τε
948 3039 1013 3123 γᾶρ
1027 3036 1129 3108 αὐτοῖς

127 3141 233 3204 ἔνεστι
265 3145 399 3225 πλείστη
431 3142 486 3207 καί
519 3142 669 3228 διαφέρει
698 3142 850 3225 ἀλλήλων
877 3145 938 3208 τὸν
967 3140 1129 3231 εἰρημένον

199 3410 223 3458 2.
247 3401 353 3458 καί-
378 3402 463 3528 ἐστιν)
490 3420 542 3459 om.
566 3422 591 3458 v.
682 3405 877 3474 γιγνώσκωμεν
900 3421 927 3458 v,
1019 3408 1043 3457 ὁ.
1064 3402 1127 3455 Ante

125 3472 290 3530 ἐπισκοπεῖν
317 3473 382 3529 add.
411 3493 447 3528 κα
486 3491 512 3528 v.
609 3482 650 3529 12.
677 3476 785 3530 κύκλων
813 3493 838 3528 v.
942 3479 984 3531 18.
1011 3469 1126 3539 ἄπειρον]
