2356 3818
131 158 194 223 166
531 159 736 212 ΔΕΔΟΜΕΝΑ.

128 302 149 385 ἡ
178 300 214 366 δὲ
243 306 304 366 ΓΒ
336 311 394 385 τῆς
422 307 483 366 BA
515 304 654 387 δοθείσῃ
681 304 799 385 μείζων
828 303 924 366 ἔστω·
960 297 1052 382 λέγω,
1077 296 1113 362 ὅτι

129 409 268 473 δοθεῖσοί
292 408 381 473 ε’στιν
405 406 539 493 ἑκατέρα
562 420 629 473 τῶν
652 413 724 491 BA,
745 409 816 481 ΒΓ.

196 504 265 579 ἐπεὶ
298 516 361 599 γὰρ
394 513 415 596 δη
443 517 511 578 ΒΓ
538 523 596 597 τῆς
623 518 686 577 BA
718 514 857 598 δοθείσῃ
890 514 1008 596 μείζων
1038 508 1111 589 ἐστιν,

130 623 211 685 ἔστω
235 621 255 704 η
280 622 419 685 δοθεῖσα
442 619 462 702 η
486 621 692 702 [rr-Aoum}
716 620 781 705 ἄρα
803 618 823 701 ἡ
847 621 915 683 AB
938 627 978 703 τῇ
1000 621 1056 689 BA
1073 621 1110 694 ῖση

94 725 229 791 δέστίν.
284 724 340 790 καὶ
372 727 670 811 συμπεπληρώσθω
702 727 739 790 τὸ
768 730 842 791 ΑΔ.
897 721 954 788 καὶ
986 721 1048 788 ε’πελ
1073 727 1110 800 ίση

130 830 220 896 ἐστίν
243 832 263 915 ἡ
287 838 352 896 AB
379 842 419 917 τῃ
442 837 524 915 ΔΒ,
558 835 656 914 λόγος
684 833 748 918 ἄρα
776 828 845 895 ἐστὶ
875 839 934 913 τῆς
962 834 1025 895 ΑΒ
1051 827 1110 911 πρὸς

129 940 190 1021 τὴν
217 943 280 1001 BA
313 939 439 1013 δοθείς·
476 940 617 1003 δοθεῖσα
650 934 686 1002 δὲ
717 935 773 1002 καὶ
800 935 820 1019 η
852 936 919 1001 ὑπὸ
948 946 1013 1000 τῶν
1037 935 1109 998 ΑΒΔ

128 1047 246 1127 γωνία·
271 1044 402 1108 δέδοται
426 1045 490 1129 ίίρα
513 1046 550 1108 τὸ
570 1050 635 1107 AA
657 1053 703 1132 τῷ
727 1044 816 1109 είδει.
854 1041 924 1107 ἐπεὶ
943 1039 1004 1108 οὖν
1021 1036 1111 1105 τδΑΓ

132 1146 236 1214 δοθὲν
265 1152 354 1235 παρὰ
386 1151 546 1214 δοθεῖσαν
577 1152 639 1233 τὴν
666 1155 699 1212 A
706 1152 738 1212 Γ
765 1146 1009 1234 παραβέβληται
1036 1145 1108 1225 ὑπερ·

77 1265 111 1312 10
129 1256 254 1337 βοίλλον
277 1257 357 1320 είδει
377 1254 543 1343 δεδομένῃ
562 1266 608 1343 τῷ
629 1262 704 1339 AA,
728 1253 859 1319 δέδοται
879 1255 944 1340 όίρα
963 1254 998 1318 τὸ
1016 1249 1107 1320 πλάτος

128 1369 186 1442 τῆς
213 1361 411 1446 ὑπερβολῆς·
444 1363 583 1426 δοθεῖσα
611 1363 675 1447 ίίρα
704 1359 795 1426 ἐστὶν
817 1360 837 1442 ἡ
861 1365 933 1425 BA.
979 1349 1106 1424 ἀλλὰκαὶ

128 1465 148 1548 ἡ
172 1470 254 1530 ΛΓ·
288 1465 343 1531 παλ
371 1468 430 1550 ὅλη
458 1469 522 1553 ἄρα
550 1467 569 1550 ἡ
598 1470 666 1532 ΒΓ
694 1466 833 1531 δοθεῖσοί
862 1465 961 1531 ἐστιν.
1005 1452 1106 1529 ἔστιδὲ

127 1569 183 1636 καὶ
210 1572 230 1655 η
254 1578 319 1637 AB
351 1575 503 1638 δοθεῖσα’
537 1571 673 1658 έπατέρα
701 1574 766 1658 ἄρα
792 1583 859 1636 τῶν
888 1576 964 1655 AB,
987 1571 1047 1634 ΒΓ
1068 1565 1105 1628 λθ·

127 1679 226 1744 θεῖσολ
250 1679 347 1744 ἐστιν.

74 1829 108 1876 15
603 1819 666 1885 πε’.

191 1942 268 2008 Ἐὰν
287 1945 348 2008 δύο
368 1945 497 2008 εὐθεῖαι
516 1941 620 2007 δοθὲν
633 1947 758 2028 χωρίον
775 1940 974 2027 περιέχωσιν
992 1941 1025 2005 έν
1037 1935 1105 2002 δεδν

127 2047 208 2133 μένῃ
231 2053 347 2137 γωνίᾳ,
369 2045 391 2135 ᾖ
414 2047 451 2114 δὲ
474 2052 724 2135 συναμφότερος
747 2050 901 2131 δοθεῖσα,
925 2046 980 2113 παλ
1002 2038 1105 2122 ἑκατέρα
1153 2048 1155 2055 ’

127 2154 238 2217 αὐτῶν
262 2147 523 2241 ἕστατ’δοθεῖσα.
1153 2208 1155 2213 -

194 2259 256 2322 δύο
279 2261 342 2344 γὰρ
366 2260 495 2324 εὐθεῖαι
518 2262 555 2325 αί
575 2265 656 2343 ΑΒ,
675 2263 743 2324 ΒΓ
766 2256 870 2324 δοθέν
897 2261 1019 2344 χωρίον
1041 2272 1107 2334 περι·

74 2375 109 2422 20
127 2362 291 2447 εχέτωσαν
308 2366 346 2428 τὸ
361 2368 431 2429 ΑΓ
450 2366 486 2430 ἐν
502 2365 662 2451 δεδομένῃ
681 2370 786 2453 γωνίᾳ
803 2375 843 2450 τῇ
862 2365 928 2430 ὑπὸ
946 2375 1013 2429 τῶν
1026 2353 1104 2426 ΑΒΓ
1102 2399 1108 2433 η

127 2466 182 2534 καί
206 2473 287 2535 ἔστω
316 2475 566 2557 συναμφότερος
594 2471 614 2554 ἡ
638 2475 743 2536 ΑΒΓ
766 2473 918 2536 δοθεῖσα·
957 2467 1048 2552 λέγω,
1074 2461 1109 2526 ὅτι

99 2646 105 2653 ,
127 2573 183 2641 καὶ
206 2575 342 2662 ἑκατέρα
364 2589 432 2642 τῶν
454 2582 531 2660 ΑΒ,
550 2581 618 2642 ΒΓ
636 2577 705 2642 ἐστι
729 2579 878 2641 δοθεῖσα.

70 2714 73 2722 ·
194 2684 324 2766 διήχθω
348 2684 411 2770 γὰρ
435 2682 455 2765 ἡ
480 2686 541 2746 ΓΒ
570 2681 622 2747 ἐπὶ
645 2684 682 2748 τὸ
706 2690 753 2766 A,
781 2679 836 2747 καί
859 2685 985 2748 κείσθω
1008 2690 1043 2766 τῇ
1063 2673 1110 2740 ΑΒ

128 2794 182 2870 ίση
205 2788 225 2871 η
249 2794 326 2873 BA,
354 2787 409 2853 καὶ
432 2790 488 2854 διδ
512 2798 571 2852 τοῦ
594 2795 628 2852 A
654 2800 693 2874 τῃ
716 2794 779 2853 BA
806 2788 1016 2873 παράλληλος
1039 2786 1110 2867 ἤχθω

126 2949 279 2957 ι-----
287 2951 338 2957 -—-.

81 3062 85 3069 ·
197 3054 221 3102 2.
242 3047 331 3172 ἐστιν]
347 3065 400 3104 om.
420 3050 446 3102 b.
519 3055 542 3104 3.
564 3047 623 3103 ἐπεί
642 3081 675 3089 -
692 3055 715 3103 5.
736 3050 796 3119 AA]
814 3066 871 3117 mg.
890 3066 927 3102 m.
944 3055 958 3101 1
978 3048 1013 3115 P;
1030 3041 1111 3101 κείσθω

126 3117 179 3190 χδιρ
198 3126 231 3190 τῃ
251 3124 296 3172 ΒΑ
327 3136 359 3188 σῃ
378 3119 396 3189 ἡ
416 3125 478 3188 AB,
496 3121 544 3173 ναὶ
564 3119 612 3174 διὰ
629 3129 679 3174 τοῦ
694 3126 720 3175 Δ
737 3129 771 3191 τῇ
788 3124 837 3172 ΑΒ
855 3117 1028 3188 παράλληλος
1044 3114 1111 3185 ἥηδθ),

72 3236 76 3249 ·
126 3207 145 3279 ν)
168 3212 225 3263 ΔΕ
248 3207 304 3261 ἐστι
327 3209 446 3261 δοθεῖσα
465 3207 521 3275 ἄρα
540 3207 596 3262 ἐστὶ
614 3208 632 3277 ἡ
651 3213 710 3262 ΔΓ
728 3207 755 3262 b.
846 3212 871 3261 4.
898 3206 965 3261 έστω
984 3206 1013 3276 ἡ]
1035 3220 1080 3258 om.
1094 3212 1111 3247 V·

163 3279 219 3351 BA]
238 3277 398 3333 ειν-νοεῖ.
455 3283 478 3332 ε.
499 3275 547 3332 καί
562 3281 634 3350 (prm
655 3295 708 3334 om.
722 3279 787 3333 vat.
844 3283 867 3332 τ.
888 3279 1007 3331 soma
1025 3271 1053 3329 οὲ
1068 3262 1112 3335 αι]

121 3351 175 3405 ml
193 3352 313 3406 δοθεῖσα
331 3349 358 3402 b.
438 3353 462 3402 8.
483 3346 572 3404 δοθὲν
590 3350 621 3404 τὸ
636 3353 692 3402 ΑΓ
706 3350 733 3404 b.
816 3354 859 3402 10.
878 3349 939 3419 AA]
958 3354 980 3401 A
997 3347 1023 3401 b.
1082 3342 1111 3393 11·

121 3428 176 3491 τῆς
191 3420 358 3492 ὑπερβολῆς]
376 3427 426 3474 τοῦ
445 3419 654 3490 ὑπερβλήματος
672 3420 699 3473 b.
764 3421 824 3491 BA]
843 3424 896 3474 AB
915 3420 942 3473 b.
980 3419 986 3429 '
1007 3422 1044 3470 12.
1062 3411 1104 3467 lm

117 3488 199 3549 lom
217 3510 242 3548 τ.
336 3496 378 3548 13.
400 3488 517 3561 ἑκατέρα
538 3490 808 3561 -14.ἐοτιοηοω.
828 3490 855 3543 b.
947 3494 988 3543 16.
1011 3487 1104 3542 Aestas
