2356 3818
511 111 616 164 DATA.
1003 109 1066 172 143

55 256 421 321 PB:ZH==ZE:PA.
440 258 533 318 etesi
547 257 673 329 [ΒΓΑ
683 285 723 306 ==
735 259 846 319 EZH.
871 276 968 338 quare
984 255 1068 319 ratio

56 365 159 428 PM:
172 365 244 426 ΕΗ
267 361 342 425 dala
361 364 411 424 est
434 359 505 445 [per
523 360 664 445 priorem
686 365 813 444 parbem
835 361 931 425 buius
954 362 1068 446 prop}

56 490 180 533 uerum
199 469 277 532 PM
281 496 324 520 =
335 469 396 531 ΓΛ
410 466 449 552 [1,
459 466 525 550 35].
549 488 626 552 ergo
641 467 725 530 ratio
742 471 802 532 ΓΛ
812 490 819 530 :
829 471 903 530 ΕΗ
917 469 993 531 daia
1011 473 1068 532 est.
1144 477 1147 482 '

447 646 453 657 '
493 643 640 707 LXXIV.

131 748 166 814 Si
185 751 247 815 duo
266 750 569 835 parallelogramma
594 749 753 815 rationem
770 750 892 814 babenb
910 751 1019 813 datam
1037 755 1070 814 et

54 857 95 921 in
127 855 255 942 angulis
279 861 355 921 sunl
380 861 437 921 aut
460 855 648 940 aequalibus
672 861 728 920 aut
750 855 988 940 inaequalibus,
1016 857 1071 920 sed
1115 897 1118 904 -

58 961 167 1048 dalis,
190 961 265 1047 elil,
288 967 325 1026 ul:
348 985 448 1027 unum
469 962 555 1026 lalus
578 962 675 1046 primi
700 962 740 1026 ad
762 985 863 1026 unum
885 963 971 1026 latus
995 962 1072 1027 alle-

61 1069 145 1153 riuS,
163 1068 212 1133 ila
226 1067 362 1133 alterum
380 1069 467 1133 lalus
485 1068 618 1133 alteriue
636 1069 675 1133 ad
689 1090 761 1132 eam
774 1073 905 1152 rectam,
922 1070 1073 1152 adquam

58 1174 226 1257 reliquum
247 1174 344 1259 primi
367 1174 527 1239 rationem
548 1175 648 1238 babel
671 1172 820 1259 datam.1)
1091 1246 1093 1251 ,

129 1303 208 1344 nam
231 1281 294 1344 duo
313 1280 615 1366 parallelogramma
633 1286 666 1344 A
671 1285 708 1364 B,
726 1285 801 1345 ΕΗ
818 1280 903 1344 inter
922 1304 956 1345 se
974 1281 1072 1345 ratio-

57 1411 138 1477 nem
162 1387 304 1450 habeant
327 1387 437 1451 daiam
461 1390 493 1450 ab
514 1386 550 1450 in
569 1386 696 1471 angulis
720 1386 786 1451 sini
809 1392 865 1452 aul
883 1388 1071 1471 aequalibus

754 1499 810 1557 aut
840 1492 1073 1577 inaequalibuS‚

735 1592 806 1664 ¹sed
830 1599 928 1682 dalis,
954 1599 1009 1681 qui
1032 1601 1072 1662 ad

753 1709 788 1788 Γ,
809 1709 836 1767 Ζ
863 1705 964 1789 positi
988 1710 1071 1768 sunt.

752 1811 834 1895 dieo,
858 1833 927 1874 esse
951 1815 987 1874 ut
1012 1814 1071 1875 ΓΒ

665 1956 667 1963 ·
754 1918 793 1981 ad
824 1921 903 2002 ΖΗ,
934 1917 983 1979 ila
1009 1921 1072 1980 ΕΖ

665 1970 668 2169 i
754 2025 1020 2108 adeamreotam‚
1035 2024 1075 2087 ad

62 2152 92 2201 K
119 2142 126 2158 ⁸
405 2147 430 2199 Θ
485 2149 658 2197 Ζ-ι-
678 2148 708 2197 Η
756 2153 852 2214 quam
880 2133 951 2194 ΑΓ
976 2130 1073 2194 ratio-

756 2260 831 2301 nem
839 2239 940 2301 habet
955 2238 1072 2300 datam.

132 2366 210 2407 narn
232 2346 297 2406 AB
322 2341 625 2427 parallelogrammo
649 2347 723 2407 ΕΗ
746 2349 802 2407 ant
825 2343 1074 2428 aequiangulum

65 2455 119 2516 eal
143 2453 288 2514 autnon
311 2452 369 2512 eal.

132 2554 223 2639 prins
252 2555 296 2618 sil
325 2554 588 2639 aequiangulum,
617 2559 649 2618 ei
678 2556 856 2639 adplicetur
883 2558 988 2617 rectae
1015 2556 1074 2616 ΓΒ

61 2660 372 2747 parallelogrammo
396 2665 470 2724 EH
493 2662 625 2744 aequale
651 2661 989 2745 parallelogrammum
1014 2663 1076 2722 ΓΘ

64 2776 99 2832 et
127 2767 177 2830 ita
202 2770 355 2851 ponatur,
387 2770 424 2829 ui
450 2771 483 2829 A
489 2769 521 2830 P
548 2771 581 2830 et
608 2769 675 2831 ΓΚ
699 2767 733 2829 in
761 2765 871 2829 eadem
899 2768 988 2828 reeta
1010 2764 1076 2828 sint

65 2873 98 2958 [I
104 2924 114 2957 ‚
136 2871 205 2956 45].
258 2871 368 2955 itaque
399 2871 498 2936 etiam
525 2877 590 2936 AB
623 2877 655 2936 ei
683 2877 749 2936 Bo
780 2871 814 2934 in
846 2871 957 2934 eadem
988 2876 1076 2936 recia

66 2983 147 3045 suni
171 2976 210 3062 [[‚
223 2978 280 3063 293
298 2975 322 3062 Ι,
338 2977 403 3062 14].
441 2983 473 3042 et
488 2979 640 3062 quoniam
654 2978 738 3042 radio
753 2982 818 3041 AB
829 3001 835 3040 :
846 2982 919 3041 ΕΗ
934 2979 1009 3042 daia
1028 2985 1077 3044 eal

63 3091 98 3151 ee
131 3089 206 3149 nn
221 3115 263 3137 =
284 3066 363 3168 ro,
398 3084 483 3148 ratio
520 3089 584 3148 AB
600 3108 607 3148 ι
623 3089 685 3149 ro
722 3085 797 3148 daea
834 3085 903 3149 erit.
965 3086 1076 3171 itaque

67 3191 171 3257 etiam
201 3190 286 3254 ratio
319 3194 406 3255 AP:
423 3193 489 3254 ΓΚ
517 3192 592 3255 dala
625 3195 674 3254 est
708 3189 780 3277 ΠΙ,
805 3193 838 3277 13
865 3191 926 3257 def.
946 3191 990 3275 2}
1045 3196 1077 3255 et

137 3328 199 3399 rig.
220 3346 272 3383 om.
293 3329 374 3383 codd.

140 3456 166 3523 1)
184 3471 212 3506 u.
230 3470 307 3522 prop.
327 3453 397 3508 LVI.
