2356 3818
125 135 192 198 244
290 139 419 189 MARINI
436 139 658 190 PHILOSOPHI
676 136 962 193 COMMENTARIUS

126 284 258 365 τρόπον.
311 281 331 363 ἡ
359 281 423 365 γὰρ
451 279 518 358 ἕλιξ
546 280 696 347 τέτακται
723 281 799 367 μέν,
827 279 901 347 ἀλλ’
922 281 984 346 οὐκ
1006 275 1050 363 ήν
1071 291 1136 356 τοῖς

124 389 189 471 πρὸ
211 385 428 473 Ἀρχιμήδους
449 391 582 472 πορίμη.
619 387 675 453 καὶ
697 390 738 453 τά
761 388 947 474 ἀπειραχῶς
968 383 1008 452 δέ
1030 390 1134 470 γιγνό-

125 516 207 575 μενα
234 491 289 556 καὶ
318 492 465 569 ἀτάκτως
491 497 615 579 πόριμα
642 493 703 578 μέν
731 494 836 578 ἐστιν,
869 493 929 559 ἐὰν
956 495 1019 577 τήν
1045 516 1135 558 κατα-

126 601 248 683 σκευήν
272 599 387 684 ἐπινοῇ
406 623 456 676 τις
479 600 590 664 αὐτῶν
612 598 669 664 καὶ
691 602 753 684 τὴν
776 602 948 684 σύστασιν,
971 598 1082 664 οὐκέτι
1103 595 1135 662 δὲ

91 723 107 771 ῖ
126 703 181 769 καὶ
199 704 387 788 τεταγμένα.
430 697 503 770 οἷον
522 707 689 789 σκαληνὸν
707 710 873 791 τρίγωνον
891 706 1067 789 ἐπινοῆσαι
1087 703 1137 769 καί

125 813 173 887 εἰς
196 813 257 894 τήν
280 814 485 896 κατασκευήν
504 814 607 877 αὐτοῦ
626 813 805 896 ἀναγαγεῖν
823 815 885 897 τήν
903 813 1062 877 διάνοιαν
1078 811 1136 876 ἀπὸ

126 925 186 980 τοῦ
206 919 405 1002 ἰσοπλεύρου
425 919 465 982 οὐ
481 920 624 1002 χαλεπὸν
643 918 716 984 ἀλλ’
732 920 932 1005 εὐποριστόν
951 918 1054 1001 ἐστιν,
1072 920 1135 982 καί-

125 1045 177 1087 τοι
200 1035 268 1089 τῶν
292 1023 441 1089 ἀτάκτων
464 1024 504 1088 ὂν
527 1023 582 1089 κάἰ
605 1025 760 1111 ἀπείρων.

193 1129 280 1194 οὕτω
314 1127 351 1193 δέ
382 1133 447 1214 ἔχει
479 1129 534 1195 καί
565 1133 649 1216 πρὸς
676 1132 713 1196 τὸ
741 1132 843 1217 ῥητὸν
869 1128 926 1195 καὶ
954 1132 1079 1214 ἀλογον
1102 1130 1135 1193 τὸ

75 1252 109 1300 10
127 1235 326 1319 τεταγμένον
349 1260 383 1300 τε
406 1235 461 1301 καὶ
479 1238 516 1301 τὸ
536 1239 690 1302 ἀτακτον·
714 1245 943 1303 κοινωνοῦντα
961 1238 1027 1322 γὰρ
1046 1235 1136 1317 ἀλλή-

127 1346 198 1417 λοις
230 1347 377 1427 πολλαχῇ
409 1341 464 1407 καί
498 1345 669 1428 διενήνοχε
705 1344 765 1409 τὸν
798 1340 973 1427 εἰρημένον
1011 1345 1135 1425 τρόπον.

128 1444 206 1512 οὐδὲ
230 1450 293 1532 γὰρ
317 1458 420 1512 ταῦτα
445 1448 580 1527 ἐξισάζει
604 1450 759 1533 ἀλλήλοις
784 1446 863 1514 οὐδὲ
885 1450 924 1513 τὸ
940 1447 1062 1533 ’ἕτερον
1082 1453 1136 1510 τοῦ

127 1551 241 1639 ἐτέρου
265 1553 333 1619 ἐστὶ
356 1559 604 1639 περιληπτικόν·
628 1557 648 1640 ή
666 1557 731 1639 γὰρ
754 1555 791 1621 ἐκ
809 1556 872 1619 δύο
891 1553 1067 1638 ὀνομάτων
1087 1548 1135 1615 καὶ

127 1663 165 1725 αἰ
190 1660 295 1737 οὕτως
323 1661 574 1746 κατειλημμέναι
603 1664 718 1743 ἀλογοι
745 1659 939 1745 τεταγμέναι
962 1658 1026 1744 μέν
1047 1661 1134 1739 εἰσιν,

76 1781 108 1829 15
129 1766 238 1832 οὐκέτι
262 1764 298 1830 δὲ
322 1765 377 1831 καὶ
400 1769 511 1851 ῥηταί,
534 1766 590 1832 καὶ
613 1768 631 1833 ὁ
655 1777 712 1850 τής
736 1766 914 1852 διαμέτρου
939 1768 1039 1848 λόγος
1060 1764 1135 1848 πρὸς

127 1876 189 1958 τήν
212 1874 368 1958 πλευρόν.
405 1875 511 1938 πολλὰ
535 1873 572 1938 δὲ
594 1872 649 1938 καί
671 1885 740 1938 τῶν
762 1874 873 1959 ῥητῶν
896 1871 1021 1937 ἀτακτά
1044 1870 1136 1950 ἐστιν,

130 1980 174 2055 ὡς
197 1980 237 2043 τά
260 1983 433 2063 πολλαχῶς
455 1978 511 2044 καὶ
533 1979 696 2065 ἀορίστως
718 1982 889 2062 γινόμενα·
917 1978 1058 2043 δύναται
1080 1974 1135 2057 γὰρ

128 2085 184 2150 καὶ
218 2087 385 2167 σκαληνὸν
417 2090 583 2170 τρίγωνον
614 2091 807 2171 μετρεῖσθαι
839 2084 905 2148 ὑπὸ
935 2092 997 2148 τοῦ
1029 2102 1136 2166 προτε-

129 2191 249 2268 θέντος
275 2189 331 2254 καί
355 2190 551 2275 ὁρισθέντος
573 2192 677 2277 ῥητοῦ
700 2189 837 2275 μέτρου,
864 2194 973 2255 καίτοι
1002 2191 1135 2254 ἀτακτον

75 2311 110 2361 20
129 2297 288 2382 ὑπάρχον.

196 2412 256 2467 τοῦ
280 2401 316 2467 δὲ
339 2408 509 2489 γνωρίμου
532 2406 615 2489 πρὸς
637 2405 675 2467 τὸ
698 2408 841 2488 πόριμον
864 2403 927 2485 τὴν
949 2397 1012 2484 μὲν
1034 2399 1137 2484 ὁμοιό-

128 2534 209 2594 τητα
232 2513 334 2574 παντί
354 2533 391 2592 γε
415 2511 535 2574 διιδεῖν
559 2508 689 2596 ῥᾴδιον,
712 2511 774 2592 τήν
797 2504 834 2571 δέ
857 2507 1028 2592 διαφορὰν
1052 2509 1137 2589 χαλε·

129 2619 194 2682 πὸν
227 2613 326 2681 ἑλεῖν
360 2616 524 2699 σύνεγγυς
556 2616 618 2701 γάρ
650 2615 719 2680 ἐστι
751 2616 812 2697 τήν
844 2614 950 2697 φύσιν
982 2611 1137 2694 ἀλλήλων,

131 2725 214 2788 ὥστε
241 2720 297 2786 καὶ
323 2720 480 2799 ἐξισάζειυ
503 2723 625 2786 δοκεῖν.
670 2720 712 2784 οὐ
735 2722 801 2803 μήν
824 2718 907 2784 ἀλλά
930 2717 994 2783 κάν
1017 2717 1138 2789 τούτοις

76 2841 110 2890 25
130 2828 274 2913 ἀκριβῶς
302 2826 516 2911 ἐπιβλέψαντι
544 2827 733 2911 ὀφθήσεταί
757 2849 808 2901 τις
835 2824 958 2889 ἐνοῦσα
985 2820 1137 2907 διαφορά·

131 2935 181 2999 ὅτι
204 2931 265 3016 μέν
288 2935 351 3019 γάρ
375 2938 434 3017 μία
458 2932 548 2998 ἐστὶν
575 2933 595 3016 ἡ
619 2943 677 3016 τής
699 2932 807 3007 ἕλικος
830 2928 890 3015 ἀφ’
910 2927 986 3005 ἑνὸς
1010 2931 1137 3013 σημείου

132 3036 355 3123 ἐφαπτομένη,
378 3039 549 3125 συμφανές
568 3037 710 3104 ἐστικαὶ
729 3038 910 3121 γνώριμον·
936 3034 1011 3101 ἀλλ’
1033 3035 1073 3100 οὐ
1090 3032 1139 3097 διὰ

131 3153 229 3209 τοῦτο
256 3145 320 3227 ήδη
348 3144 403 3210 καί
426 3150 570 3231 πόριμόν
592 3146 660 3210 ἐστι
688 3145 725 3208 τὸ
752 3145 928 3227 πρόβλημα
950 3143 1049 3225 μήπω
1071 3161 1138 3204 κατ-

202 3273 227 3321 2.
247 3268 404 3337 γιγνόμενα
422 3269 487 3322 vat.
552 3272 576 3321 6.
595 3267 669 3320 Ante
687 3265 738 3333 τήν
753 3263 823 3334 (alt.)
843 3263 908 3318 add.
928 3264 1018 3318 αἰτοῦ
1037 3281 1062 3317 v.
1117 3264 1137 3311 7.

182 3335 245 3393 ἀν.
324 3345 365 3393 10.
384 3338 428 3410 τό]
448 3355 501 3392 om.
520 3339 585 3392 Vat.
663 3342 704 3390 15.
725 3335 739 3390 δ
758 3336 817 3405 τῆς]
837 3352 922 3404 ουσης
941 3334 972 3388 Ρ.
1053 3329 1137 3401 λόγος]

180 3407 264 3464 Nat.
344 3416 386 3465 17.
404 3409 562 3478 γιγνόμενα
581 3409 645 3463 vat.
730 3411 772 3460 22.
797 3406 912 3476 διῖδεῖν]
932 3404 1000 3461 Vat.
1020 3404 1066 3459 Gr.
1080 3406 1138 3467 2023

113 3204 255 3584 ἱδεῖν
272 3481 319 3536 Pv
338 3483 367 3536 et
383 3498 420 3535 m.
436 3486 452 3535 2
467 3480 546 3548 Vat.3
566 3477 597 3534 δὲ
613 3479 699 3534 οἰδεῖν
717 3478 782 3531 Vat.
797 3494 834 3530 m.
850 3481 873 3529 1.
936 3481 980 3530 23.
1001 3470 1137 3545 σύνεγγυς]
