2356 3818
124 120 166 185 3ss
527 122 730 175 mmmm.

597 282 659 349 ιθ’.

189 406 264 471 Ἐὰν
288 402 307 492 ᾗ
330 411 404 492 τριά
427 407 565 491 μεγέθη,
593 406 647 473 καὶ
671 408 708 473 τὸ
734 404 795 492 μὲν
818 420 965 495 πρῶτον
991 418 1050 475 τοῦ
1069 409 1122 473 διν

124 514 222 597 τέρου
245 513 380 578 δοθέντι
403 518 512 598 μεῖζον
535 510 556 600 ᾗ
580 514 600 597 ἣ
623 514 660 579 ἐν
682 515 785 602 λόγῳ,
811 508 836 601 ᾖ
865 511 906 580 δὲ
930 514 990 581 καὶ
1012 517 1049 581 τὸ
1069 512 1122 579 διό

125 645 221 706 τερον
248 630 308 685 τοῦ
337 625 449 706 τρίτου
477 620 612 686 δοθέντι
635 622 744 704 μεῖζον
771 618 792 703 ἢ
815 618 856 685 ἐν
878 624 992 711 λόγῳ,
1022 620 1122 687 wald

89 742 105 790 5
125 738 257 813 πρῶτον
280 736 339 791 τοῦ
363 731 476 812 τρίτου
501 726 636 792 δοθέντι
659 729 769 811 μεῖζον
792 728 886 791 ἔσται
911 728 935 811 ἢ
960 728 1000 795 ἐν
1022 732 1107 815 λόγῳ

90 854 98 863 ·
193 837 274 898 ἔστω
297 836 372 918 τρία
395 831 519 916 μεγέθη
543 835 582 897 τὰ
606 837 682 917 AB,
701 836 770 918 ΓΔ,
788 836 828 915 Ε,
852 832 911 897 καὶ
936 836 979 901 τὸ
1002 832 1063 921 μὲν
1077 834 1123 899 ΑΒ

125 951 184 1005 τοῦ
209 944 241 1006 Γ
236 947 270 1005 Λ
296 939 432 1004 δοθέντι
459 942 569 1022 μεῖζον
597 942 678 1005 ἔστω
706 938 726 1023 ἢ
754 938 791 1003 ἐν
813 942 921 1028 λόγῳ,
957 943 998 1007 τὸ
1026 938 1063 1007 δὲ
1082 942 1124 1005 ΓΑ

126 1057 186 1111 τοῦ
205 1052 237 1111 Ε
258 1045 394 1113 δοθέντι
416 1050 526 1130 μεῖζον
549 1048 631 1110 έστω
655 1045 675 1127 ἢ
698 1044 735 1111 ἐν
756 1048 855 1133 λόγῳ.
894 1046 1000 1133 λέγω,
1023 1050 1071 1115 ότι
1085 1042 1123 1113 τό

127 1156 164 1217 τὸ
189 1156 253 1216 ΑΒ
277 1162 338 1216 τοῦ
360 1157 392 1216 Ε
413 1151 548 1216 δοθέντι
571 1154 681 1236 μεῖζόν
704 1151 793 1216 ἐστιν
816 1150 837 1235 ἢ
861 1150 901 1218 ἐν
924 1157 1032 1244 λόγῳ.

74 1273 107 1320 10
194 1256 263 1322 ἐπεὶ
286 1260 348 1342 γὰρ
373 1260 409 1321 τὸ
434 1260 494 1322 ΓΛ
516 1267 575 1321 τοῦ
599 1263 630 1322 Ε
651 1256 787 1323 δοθέντι
809 1261 923 1342 μεῖζόν
950 1259 1046 1328 ἐστιν
1066 1256 1123 1343 λθ

127 1366 226 1450 λόγῳ,
247 1362 432 1448 ἀφῃρήσθω
452 1367 488 1429 τὸ
508 1361 612 1429 δοθὲν
629 1363 769 1447 μέγεθος
787 1365 824 1429 τὸ
839 1366 918 1428 ΓΖ·
938 1371 1065 1434 λοιποῦ
1079 1368 1122 1449 Ro!

128 1478 188 1533 τοῦ
213 1475 273 1534 ΖΔ
300 1470 383 1554 πρὸς
408 1471 445 1535 τὸ
471 1475 502 1534 Ε
527 1475 625 1552 λόγος
652 1469 720 1536 ἐστὶ
748 1471 870 1545 δοθείς.
922 1472 1049 1558 πάλιν,
1076 1466 1122 1539 διδ

127 1578 165 1640 τὸ
197 1579 263 1640 AB
296 1584 356 1640 τοῦ
388 1579 449 1640 ΓΛ
486 1574 622 1641 δοθέντι
657 1578 765 1659 μεῖζόν
797 1574 889 1640 ἐστιν
921 1575 943 1660 ἢ
980 1578 1021 1645 ἐν
1049 1582 1120 1665 λόγγ.

128 1682 314 1769 ἀφῃρήσθω
338 1684 374 1747 τὸ
399 1679 502 1746 δοθὲν
526 1681 665 1765 μέγεθος
686 1684 724 1747 τὸ
743 1685 829 1746 ΑΗ·
853 1687 979 1749 λοιποῦ
1003 1688 1068 1773 ἄρα
1082 1688 1119 1749 τοῦ

92 1795 196 1854 όΗΒ
228 1792 311 1875 πρὸς
338 1791 374 1853 τὸ
399 1792 460 1852 ΓΛ
492 1792 589 1870 λόγος
616 1787 684 1853 ἐστὶ
713 1790 835 1865 δοθείς.
880 1788 900 1853 ὁ
927 1790 1035 1869 αὐτὸς
1056 1791 1119 1875 mk}

127 1896 289 1978 γεγονέτω
308 1905 368 1960 τοῦ
384 1900 453 1959 ΗΘ
470 1897 553 1980 πρὸς
571 1897 607 1959 τὸ
623 1899 697 1960 ΓΖ·
721 1898 819 1978 λόγος
836 1896 902 1980 ἄρα
920 1896 980 1962 καὶ
997 1908 1059 1965 τοῦ
1070 1894 1119 1963 He

129 2003 212 2085 πρὸς
234 2003 270 2065 τὸ
291 2002 351 2065 ΓΖ
376 2002 497 2077 δοθείς.
535 1998 639 2066 δοθὲν
663 1998 699 2066 δὲ
721 2003 758 2066 τὸ
778 2004 852 2066 ΓΖ·
875 1999 985 2068 δοθὲν
1007 1996 1118 2091 ἄρανδ

128 2109 166 2171 τὸ
190 2109 269 2170 ΗΘ.
315 2109 382 2170 ἔστι
406 2103 443 2170 δὲ
465 2105 519 2170 καὶ
543 2108 579 2171 τὸ
602 2112 670 2171 HA
694 2106 809 2172 δοθέν·
832 2105 887 2171 καὶ
911 2108 996 2174 ὅλον
1019 2104 1118 2197 ἄροιδ

133 2217 193 2276 ΘΛ
221 2209 324 2276 δοθέν
347 2211 444 2276 ἐστιν.
490 2211 545 2276 καὶ
573 2212 641 2277 ἐπεὶ
669 2214 714 2290 ὡς
741 2215 778 2278 τὸ
801 2217 869 2277 ΗΒ
897 2216 984 2300 πρὸς
1010 2218 1048 2281 τὸ
1070 2214 1118 2291 ΓΔ,

74 2332 110 2381 20
129 2318 234 2393 οὕτως
256 2319 293 2382 τὸ
316 2322 388 2381 ΗΘ
410 2320 492 2403 πρὸς
515 2321 551 2383 τὸ
569 2322 643 2403 ΓΖ,
666 2318 720 2384 καὶ
743 2325 861 2384 λοιποῦ
884 2329 947 2384 τοῦ
973 2326 1038 2387 ΘΒ
1058 2320 1119 2405 πρὸς

131 2426 248 2490 λοιπὸν
274 2426 311 2489 τὸ
337 2429 401 2488 ΖΛ
429 2428 525 2506 λόγος
553 2424 620 2490 ἐστὶ
649 2428 770 2503 δοθείς.
815 2434 875 2490 τοῦ
900 2423 937 2490 δὲ
959 2432 1032 2493 ’ΖΔ
1056 2424 1118 2511 τρδε

128 2533 166 2598 τὸ
190 2536 221 2597 Ε
242 2536 338 2615 λόγος
361 2530 430 2596 ἐστὶ
453 2533 580 2608 δοθείς·
607 2530 663 2597 καὶ
685 2541 745 2597 τοῦ
771 2536 831 2596 ΘΒ
855 2533 919 2618 ἄρα
942 2536 1030 2620 πρὸς
1051 2530 1121 2599 τδδ

119 2638 227 2722 ’λόγος
259 2638 327 2704 ἐστὶ
360 2640 483 2715 δοθείς.
532 2637 588 2703 καὶ
616 2635 719 2705 δοθὲν
745 2641 783 2704 τὸ
813 2643 887 2703 ΘΑ·
918 2641 958 2704 τὸ
983 2645 1051 2707 ΒΑ
1075 2640 1121 2725 Eo!

128 2756 188 2810 τοῦ
210 2752 242 2811 Ε
263 2745 398 2810 δοθέντι
421 2746 530 2829 μεῖζόν
553 2743 642 2810 ἐστιν
665 2744 685 2829 ἣ
709 2744 745 2810 ἐν
764 2747 859 2832 λόγῳ.

201 2908 226 2953 2.
245 2899 306 2979 καί]
325 2918 408 2969 supra
427 2917 515 2971 comp.
535 2901 599 2955 add.
619 2920 654 2955 m.
675 2908 690 2955 2
709 2920 735 2956 v.
808 2906 832 2955 3.
854 2893 869 2973 J
889 2899 922 2955 δέ
941 2918 998 2958 om.
1039 2949 1044 2959 .
1107 2906 1125 2953 λ

131 2969 259 3040 δοθέντι]
278 2971 322 3023 bls
341 2973 358 3042 β
377 2975 443 3040 (non
461 2975 497 3042 a).
569 2976 662 3042 μεῖζον
680 2965 698 3044 ᾖ
717 2972 736 3040 ἥ
754 2989 779 3027 a.
858 2971 928 3041 ηέν
946 2974 1021 3050 λόφ
1052 2970 1126 3043 0111„ss

131 3043 198 3110 (non
217 3044 253 3105 a).
345 3046 368 3094 7.
392 3043 453 3113 τοῦ]
472 3048 509 3115 τῷ
527 3060 552 3097 ο.
643 3051 684 3098 12.
712 3045 770 3115 ΖΔ]
792 3048 813 3097 Ζ
832 3060 916 3114 supra
935 2997 1004 3101 αδδ.
1025 3066 1061 3103 m.
1079 3053 1127 3100 lv.

166 3110 247 3180 λόγος
265 3109 320 3165 ἐστὶ
338 3111 436 3174 δοθεὶς
454 3114 523 3180 πρὸς
540 3115 571 3169 τὸ
587 3118 612 3168 Ε
629 3132 654 3169 a.
729 3121 769 3169 14.
788 3114 820 3169 τό
835 3113 919 3186 (alt.)]
938 3126 992 3171 τοῦ
1013 3136 1039 3174 a.
1097 3118 1129 3171 1⁶.

130 3224 180 3271 τοῦ
190 3216 263 3287 (pr.)]
278 3216 293 3270 ὁ
306 3225 356 3270 τοῦ
370 3234 418 3271 va.
479 3223 519 3272 17.
535 3219 623 3277 δοθέν
633 3224 694 3292 (pr.)
710 3253 743 3262 -
759 3225 799 3276 18.
815 3222 887 3292 ΗΘ]
906 3188 1001 3279 δόθδν
1021 3226 1077 3297 ἄρα
1093 3220 1138 3305 ινδΙ

121 3323 163 3385 ,τὸ
184 3325 254 3379 ΗΘ·
274 3301 364 3378 δδθέν
382 3320 413 3377 δὲ
431 3324 463 3378 τὸ
484 3327 535 3378 ΓΖ
552 3344 577 3380 v.
660 3333 700 3382 18.
722 3327 794 3382 ἔστιν
813 3345 838 3382 v.
919 3334 963 3384 19.
984 3330 1045 3388 ἐστι
1063 3328 1132 3389 cod&

166 3392 215 3449 καλ
239 3392 299 3449 έτεί
318 3427 351 3437 -
371 3401 413 3449 20.
437 3395 498 3466 ΓΖ]
523 3413 575 3451 om.
595 3415 619 3452 ο.
710 3406 752 3454 24.
777 3399 839 3466 Seq.
863 3397 1020 3458 demonstr.
1046 3404 1133 3467 albem

130 3484 159 3523 u.
178 3480 241 3535 app.
