2356 3818
499 143 662 195 SOHOLIA.
1020 138 1086 203 295

75 288 147 349 ΑΓ
173 287 257 372 πρὸς
289 287 325 350 τὸ
353 288 457 350 ΑΒΓ
484 287 777 370 τρίγωνον-λόγος
809 285 935 361 δοθείς·
969 284 1085 348 διαλαλ-

80 407 150 456 οιον
172 392 245 478 γάρ.

144 518 215 582 132,
254 518 302 581 Τὸ
325 517 483 601 θεώρημα
507 516 551 592 ὡς
574 513 679 592 ὀξείας
702 516 803 599 οὔσης
826 525 883 599 τῆς
905 515 970 579 ὑπὸ
990 519 1091 580 ΒΑΓ

81 621 348 710 ααταγέγραπται.
395 622 452 686 ἐὰν
476 619 512 686 δὲ
535 620 622 707 ὀρθὴ
646 616 678 707 ᾖ,
701 622 846 687 αὐτόθεν
869 623 905 687 τὸ
928 622 993 687 ὑπὸ
1012 627 1085 705 ΒΑ,

83 731 147 791 ΑΓ
158 731 241 812 πρὸς
259 731 296 794 τὸ
315 733 416 794 ΒΑΓ
428 733 592 811 τρίγωνον
612 732 712 811 λόγον
731 732 795 813 ἔχει
815 727 1009 812 δεδομένον·
1033 730 1083 792 δι·
1121 745 1137 794 5

81 833 216 900 πλαίσιον
230 837 293 921 γὰρ
309 835 412 899 αὐτοῦ
428 834 526 900 ἐστιν.
555 835 613 900 ἐὰν
628 832 664 900 δὲ
679 835 817 920 ἀμβλεῖα
831 829 852 921 ᾖ
867 834 887 918 ἡ
901 835 967 900 ὑπὸ
978 840 1084 920 ΒΑΓ,

497 943 591 1025 ἤχθω
623 943 763 1020 κάθετος
791 942 1006 1027 ἐκβληθείσης
1028 952 1086 1027 τῆς

500 1053 559 1114 ΓΑ
582 1049 602 1132 ἡ
626 1054 697 1114 ΒΕ.
748 1049 879 1115 δέδοται
908 1046 969 1115 οὖν
996 1050 1016 1134 ἡ
1039 1055 1084 1114 Ε·

499 1157 586 1242 ὀρθὴ
601 1155 677 1242 γάρ·
697 1155 780 1221 ἀλλὰ
795 1155 850 1221 καὶ
864 1156 884 1239 ἡ
899 1156 963 1221 ὑπὸ
979 1161 1084 1239 ΒΑΕ,

499 1262 610 1346 ἐπειδὴ
633 1261 688 1327 καὶ
707 1263 727 1347 ἡ
747 1261 862 1348 ἐφεξῆς
880 1262 982 1347 αὐτῆς
1003 1262 1084 1327 ὑπό·
1105 1281 1138 1329 10

405 1405 449 1476 »Γ
498 1390 614 1435 κειται·
629 1369 684 1434 καὶ
694 1371 791 1454 λοιπὴ
806 1372 870 1455 ἄρα
884 1370 978 1455 ἡὺαὸ
989 1374 1086 1435 ΕΒΑ

499 1475 639 1541 δέδοται.
659 1475 790 1541 δέδοται
800 1479 864 1563 ἄρα
874 1479 911 1541 τὸ
921 1480 1085 1563 τρίγωνον

72 1583 112 1647 τὸ
132 1586 229 1646 ΕΒΑ
249 1592 294 1670 τῷ
313 1585 405 1648 εἴδει·
429 1586 527 1666 λόγος
545 1585 609 1668 ἄρα
627 1592 684 1666 τῆς
702 1587 765 1647 ΕΒ
784 1584 866 1665 πρὸς
880 1588 942 1647 ΒΑ
962 1583 1084 1659 όοθείς.

72 1686 149 1753 ἀλλ’
172 1689 216 1765 ὡς
234 1689 255 1772 ἡ
273 1693 336 1753 ΕΒ
359 1692 441 1776 πρὸς
459 1695 530 1773 ΒΑ,
553 1699 611 1772 τῆς
629 1695 661 1753 Α
667 1692 699 1753 Γ
717 1688 815 1773 μέσης
837 1687 1086 1774 λαμβανομένης

72 1795 183 1870 οὕτως
206 1796 242 1859 τὸ
265 1795 330 1860 ὑπὸ
354 1800 426 1879 ΕΒ,
445 1800 516 1861 ΑΓ
532 1797 615 1881 πρὸς
637 1797 674 1860 τὸ
697 1795 762 1859 ὑπὸ
786 1799 859 1878 ΒΑ,
878 1798 960 1859 ΑΓ·
988 1799 1086 1878 λόγος
1105 1812 1138 1860 15

72 1903 140 1986 ἄρα
155 1910 215 1965 τοῦ
229 1901 294 1966 ὑπὸ
309 1906 383 1984 ΕΒ,
398 1906 468 1967 ΑΓ
479 1904 562 1988 πρὸς
575 1903 612 1966 τὸ
626 1901 690 1966 ὑπὸ
705 1905 777 1984 ΒΑ,
792 1905 862 1966 ΑΓ
875 1902 996 1978 ὃοθείς.
1024 1911 1084 1966 τοῦ

74 2003 113 2071 δὲ
132 2007 198 2071 ὑπὸ
217 2012 290 2091 ΕΒ,
305 2015 337 2072 Α
344 2011 376 2072 Γ
388 2010 469 2094 πρὸς
487 2011 524 2073 τὸ
544 2012 648 2073 ΑΒΓ
661 2012 824 2094 τρίγωνον
842 2010 940 2090 λόγος
958 2009 1083 2084 ἂοθείς·

74 2113 252 2178 διπλάσιον
280 2115 358 2200 γάρ·
391 2114 449 2179 ε’ὰν
476 2117 538 2201 γὰρ
566 2116 622 2178 διὰ
644 2126 711 2179 τῶν
734 2121 776 2197 Α,
796 2118 828 2179 Γ
850 2126 889 2201 τῇ
913 2120 975 2180 ΕΒ
1002 2139 1085 2202 παρ-

72 2222 239 2302 αλλήλους
262 2220 435 2305 ἀγάγωμεν
457 2219 512 2285 καὶ
534 2224 581 2288 ἔτι
606 2223 661 2286 διὰ
684 2230 744 2286 τοῦ
767 2226 795 2286 Β
819 2233 857 2308 τῇ
881 2226 954 2306 ΕΓ,
982 2224 1085 2307 δῆλον

72 2330 215 2411 γίνεται·
243 2326 297 2391 καὶ
320 2337 380 2392 τοῦ
403 2328 468 2393 ὑπὸ
487 2339 553 2393 τῶν
572 2334 643 2412 ΒΑ,
662 2335 694 2392 A
701 2332 733 2393 Γ
750 2330 814 2414 ἄρα
832 2331 914 2416 πρὸς
932 2332 969 2395 τὸ
989 2335 1089 2395 ΒΑΓ
1103 2344 1137 2392 20

71 2437 239 2521 τρίγωνον
262 2437 359 2516 λόγος
383 2432 451 2500 ἐστὶ
474 2436 596 2512 ὃοθείς.

149 2667 207 2715 132.
227 2660 485 2728 PlVatAmbmq.
518 2660 578 2730 Fig.
595 2659 699 2714 addidi.

147 2915 170 2962 1.
191 2907 343 2965 διπλασίων
362 2908 392 2962 Ρ.
473 2907 631 2980 8.ἡ(ω1λ,)]
651 2909 699 2962 καὶ
717 2909 735 2978 ἡ
755 2930 777 2976 ρ.
857 2910 896 2981 Ε]
915 2910 985 2978 πρὸς
1003 2915 1040 2983 τῷ
1060 2915 1084 2964 Ε

69 2979 169 3035 Ambr.
273 2986 314 3034 10.
343 2979 377 3051 ἡ]
408 2996 460 3034 om.
484 2979 564 3035 codd.
668 2986 709 3034 11.
739 2981 833 3051 ΕΒΑ]
867 2984 946 3035 ΒΕΑ
978 2982 1083 3051 Ambr.,

69 3055 158 3106 ΕΒΔ
181 3054 245 3106 cett.
338 3057 379 3105 12.
407 3048 542 3120 τρίγωνον
564 3050 595 3104 τὸ
616 3052 711 3122 ΕΒΑ]
737 3055 815 3105 ΕΒΑ
833 3050 969 3120 τρίγωνον
987 3054 1082 3107 Ambr.

110 3126 152 3175 15.
174 3121 271 3193 οὕτως]
292 3142 357 3177 οντο
372 3122 463 3176 PVat.
539 3123 569 3176 τὸ
589 3121 643 3176 ὑπό
657 3121 695 3190 (al
710 3123 738 3193 .)]
757 3130 806 3176 τοῦ
825 3122 855 3176 Ρ.
942 3129 998 3191 ΒΑ,
1013 3125 1082 3195 ΑΓ]

68 3202 128 3248 τῶν
154 3198 215 3260 ΒΑ,
235 3197 290 3247 ΑΓ
314 3193 408 3246 Ambr.
509 3198 550 3246 17.
579 3197 661 3246 ΑΒΓ
680 3191 828 3265 τρίγωνον]
856 3198 961 3249 ΑΒΓΔ
987 3195 1082 3250 Ambr.

110 3269 152 3318 18,
183 3263 233 3318 ἐὰν
256 3263 326 3336 γάρ]
356 3281 439 3332 supra
464 3264 528 3318 add.
552 3282 587 3317 m.
612 3270 627 3317 2
652 3282 674 3318 σ.
771 3270 811 3318 19.
840 3264 908 3317 Post
935 3264 1083 3335 ἀγάγωμεν

69 3353 162 3406 habet
184 3351 235 3414 τάς
250 3352 352 3407 'Ambr.
378 3356 406 3406 et
430 3351 460 3405 in
482 3353 535 3405 hoc
558 3350 608 3414 τάς
632 3352 736 3407 desinit
757 3354 846 3408 μόνον.
869 3345 942 3406 λειπι.
1032 3355 1082 3426 τῇ]

70 3442 170 3478 omo.
236 3425 632 3495 20.BA-BAP]om.9.
696 3426 980 3496 ΒΑ,ΑΓ]ΔΒΓσ.
1040 3432 1083 3480 21.

69 3492 145 3566 ἐστι’]
166 3512 219 3549 om.
240 3512 262 3548 ο.
