2356 3818
406 121 444 173 m
462 121 632 172 aucnmrs
650 122 754 174 nari.
1024 121 1090 184 243

77 259 337 347 magnitudinem
364 262 417 325 uel
441 262 581 346 speciem
604 263 658 326 uel
680 262 886 346 positionem.
933 265 988 328 sed
1011 265 1091 330 haec

77 367 224 432 definitio
245 367 427 454 generalior
442 372 505 452 est3
523 368 654 453 proprie
674 371 783 431 autem
802 372 835 432 et
848 391 906 451 per
920 392 954 434 se
973 371 1093 435 ratio-

76 474 163 538 nale
187 473 299 558 idest,
328 474 413 556 qnod
433 473 659 558 cognoscimus
680 474 857 538 secundum
876 473 1016 558 aliquem
1035 499 1092 540 nu·

78 603 204 644 merum
227 601 286 663 pro
310 601 462 644 mensura
486 584 632 665 sumpta,
659 580 750 643 uelut
773 580 882 664 palmo
906 582 959 644 uel
979 582 1091 666 digito.

142 686 209 750 iam
239 686 292 750 his
325 689 400 749 ante
437 685 578 750 definitis
610 685 738 750 facilius
772 685 886 750 deinde
919 687 981 751 erit
1018 709 1092 752 con-

77 792 234 876 siderare,
267 789 384 875 quibus
417 792 514 855 rebus
546 791 618 875 illa,
648 813 730 876 quae
764 791 919 879 diximus,
955 798 987 857 et
1020 815 1092 856 con-

77 898 221 962 sentiant
244 901 277 962 et
300 897 462 981 differant,
490 919 526 961 ac
548 897 692 981 primum
715 897 859 982 quidem,
887 918 984 981 quam
1006 898 1092 963 inter

76 1025 110 1068 se
128 1005 290 1068 rationem
308 1003 450 1067 habeant
474 1004 694 1068 ordinatum
718 1007 751 1067 et
773 1007 904 1067 notum
926 1007 1022 1086 atque
1042 1025 1090 1088 ea,

76 1130 158 1192 quae
177 1108 229 1173 his
245 1109 397 1199 opposita
415 1113 499 1173 sunt.
532 1109 612 1173 talia
624 1131 692 1174 non
706 1114 783 1174 sunt
797 1132 836 1174 ex
850 1108 901 1194 iis,
920 1131 1002 1194 quae
1017 1131 1090 1174 con-

76 1219 198 1300 gruunt
217 1215 302 1280 inter
322 1237 365 1300 se,
387 1237 491 1300 neque
510 1237 550 1278 ex
567 1215 642 1296 illis,
666 1236 804 1299 quorum
824 1216 963 1280 alterum
986 1217 1089 1280 altero

74 1321 174 1385 latius
196 1325 297 1405 patet.
341 1344 419 1386 nam
447 1321 576 1385 etiamsi
603 1322 707 1386 multa
729 1322 770 1386 iis
797 1323 981 1387 communia
1004 1327 1089 1408 sunt,

75 1427 167 1491 uelut
180 1450 239 1510 per
252 1429 316 1491 duo
330 1432 452 1511 puncta
460 1427 581 1490 lineam
590 1432 712 1491 rectam
723 1428 902 1492 describere
917 1433 950 1492 et
958 1452 1016 1513 per
1025 1429 1090 1494 tria

75 1532 233 1598 circulum
252 1537 285 1597 et
299 1534 500 1620 triangulum
515 1532 751 1615 aequilaterum
766 1538 961 1618 construere,
980 1539 1090 1598 tamen

74 1639 230 1704 circulum
257 1640 512 1723 adquadratam
535 1637 675 1701 formam
698 1636 844 1722 redigere
869 1637 1088 1702 ordinatum

75 1745 206 1829 quidem
216 1750 274 1831 est,
287 1746 343 1810 sed
357 1743 613 1829 incognitum3
628 1747 725 1826 atque
736 1764 775 1805 ex
785 1763 849 1806 uno
859 1746 981 1825 puncto
991 1765 1089 1806 unam

73 1850 193 1915 lineam
220 1856 342 1916 rectam
365 1851 518 1935 spiralem
542 1849 729 1932 contingere
758 1871 798 1912 ex
822 1846 1014 1912 ordinatis
1038 1852 1089 1912 est

73 1961 107 2020 et
136 1980 175 2021 ex
200 1958 256 2043 iis,
288 1978 369 2041 quae
393 1955 489 2019 aliter
513 1977 546 2019 se
569 1954 689 2018 habere
712 1974 780 2017 non
801 1957 954 2039 possunt3
984 1975 1089 2037 neque

72 2067 184 2126 tamen
208 2063 276 2127 cius
301 2059 536 2124 demonstratio
564 2059 617 2124 uel
642 2059 842 2125 constructio
871 2059 1002 2144 cognita
1029 2064 1088 2124 est.

72 2191 187 2232 rursus
216 2172 325 2230 autem
353 2165 454 2230 sectio
476 2166 605 2230 infinita
632 2170 665 2230 et
689 2166 845 2252 trianguli
870 2165 990 2230 scaleni
1014 2188 1088 2232 con-

72 2272 213 2338 structio
233 2272 382 2356 cognitae
401 2275 486 2356 sunt,
507 2293 611 2356 neque
629 2294 707 2336 uero
727 2273 857 2338 eaedem
877 2274 1085 2338 ordinatae.

74 2380 187 2463 itaque
207 2379 350 2465 adparet,
372 2399 493 2462 eorum,
516 2399 596 2461 quae
621 2379 798 2443 ordinata
822 2383 907 2464 sunt,
930 2380 993 2443 alia
1017 2402 1086 2444 esse

72 2489 166 2569 nota,
196 2484 260 2549 alia
286 2484 415 2570 ignota,
442 2487 474 2547 et
502 2505 519 2548 e
548 2485 710 2549 contrario
739 2507 865 2569 eorum,
893 2507 973 2566 quae
1006 2489 1086 2548 nota

73 2595 164 2674 sunt,
197 2591 261 2656 alia
289 2591 578 2674 ordinata,'alia
606 2591 838 2655 inordinata.
885 2592 982 2672 atque
1004 2588 1085 2653 haec

71 2696 119 2760 ita
137 2697 223 2761 inter
237 2720 271 2762 se
289 2698 421 2781 habent,
434 2701 472 2760 ut
488 2718 539 2760 ars
555 2695 732 2759 disserendi
751 2699 784 2758 et
798 2693 902 2758 oratio
916 2693 1085 2776 pedestris.

71 2825 175 2886 neque
204 2804 290 2868 enim
316 2803 374 2868 illa
400 2802 487 2867 inter
515 2823 549 2865 se
575 2798 668 2884 paria
699 2803 788 2884 sunt,
814 2818 918 2880 neque
945 2798 1085 2862 alterum

71 2908 175 2972 altero
198 2909 297 2973 latius
319 2911 419 2993 patet.

132 3013 248 3079 similis
258 3019 368 3079 autem
378 3013 463 3078 ratio
473 3011 644 3077 intercedit
653 3011 739 3074 inter
754 3009 970 3075 ordinatum
987 3014 1084 3094 atque

70 3118 336 3185 inordinatum
355 3124 388 3184 et
402 3118 580 3203 parabile
599 3140 636 3183 ac
654 3139 731 3182 non
749 3117 936 3201 parabile.
964 3121 1084 3182 namet

70 3225 212 3290 maxima
225 3226 266 3290 iis
281 3224 496 3291 communitas
511 3228 561 3288 est
576 3229 608 3288 et
622 3245 669 3308 ea,
683 3245 781 3308 quam
795 3222 944 3308 diximus,
957 3222 1083 3286 ratione

69 3381 183 3452 ἄπηρον
201 3400 228 3436 v.
313 3387 355 3437 23.
375 3380 445 3450 πρός
459 3379 542 3451 (altu
561 3377 610 3434 καί
629 3396 716 3450 comp.
732 3379 796 3434 Vct.
874 3383 916 3434 26.
936 3375 985 3431 καί
999 3376 1082 3448 (clap

69 3471 123 3508 om.
143 3453 196 3508 PV.
270 3458 311 3507 28.
332 3470 438 3508 ενεστιν
456 3451 486 3506 Ρ,
558 3450 663 3521 aldum
681 3451 711 3505 P.

877 3535 930 3589 iu*
