<?xml version="1.0" encoding="UTF-8"?>
<!DOCTYPE html PUBLIC "-//W3C//DTD XHTML 1.0 Transitional//EN"
    "http://www.w3.org/TR/xhtml1/DTD/xhtml1-transitional.dtd">
<html xmlns="http://www.w3.org/1999/xhtml" xml:lang="en" lang="en">
 <head>
  <title>
</title>
<meta http-equiv="Content-Type" content="text/html;charset=utf-8" />
  <meta name='ocr-system' content='tesseract 3.04.00' />
  <meta name='ocr-capabilities' content='ocr_page ocr_carea ocr_par ocr_line ocrx_word'/>
</head>
<body>
  <div class='ocr_page' id='page_1' title='image "./euclidisoperaom09unkngoog_0409.png"; bbox 0 0 2356 3818; ppageno 0'>
   <div class='ocr_carea' id='block_1_1' title="bbox 78 134 808 200">
    <p class='ocr_par' dir='ltr' id='par_1_1' title="bbox 78 134 808 200">
     <span class='ocr_line' id='line_1_1' title="bbox 78 134 808 200; baseline -0.016 0"><span class='ocrx_word' id='word_1_1' title='bbox 78 134 145 200; x_wconf 81' lang='lat'><em>332</em></span> <span class='ocrx_word' id='word_1_2' title='bbox 362 137 544 190; x_wconf 68' lang='lat' dir='ltr'><em>mmmm</em></span> <span class='ocrx_word' id='word_1_3' title='bbox 564 136 808 189; x_wconf 72' lang='lat' dir='ltr'><strong>scflomomm.</strong></span> 
     </span>
    </p>
   </div>
   <div class='ocr_carea' id='block_1_2' title="bbox 27 279 1094 1894">
    <p class='ocr_par' dir='ltr' id='par_1_2' title="bbox 27 279 1094 1894">
     <span class='ocr_line' id='line_1_2' title="bbox 78 279 1092 369; baseline 0 -24"><span class='ocrx_word' id='word_1_4' title='bbox 78 290 116 365; x_wconf 74' lang='grc' dir='ltr'><em>τῇ</em></span> <span class='ocrx_word' id='word_1_5' title='bbox 141 304 187 363; x_wconf 92' lang='grc' dir='ltr'><em>αη</em></span> <span class='ocrx_word' id='word_1_6' title='bbox 211 281 327 368; x_wconf 82' lang='grc' dir='ltr'><em>εὐθείᾳ</em></span> <span class='ocrx_word' id='word_1_7' title='bbox 350 279 405 345; x_wconf 85' lang='grc' dir='ltr'><em>καῖ</em></span> <span class='ocrx_word' id='word_1_8' title='bbox 427 290 473 369; x_wconf 74' lang='grc' dir='ltr'><em>τῷ</em></span> <span class='ocrx_word' id='word_1_9' title='bbox 496 281 580 366; x_wconf 80' lang='grc' dir='ltr'><em>πρὸς</em></span> <span class='ocrx_word' id='word_1_10' title='bbox 603 280 685 365; x_wconf 75' lang='grc' dir='ltr'><em>αὐτῇ</em></span> <span class='ocrx_word' id='word_1_11' title='bbox 709 283 831 367; x_wconf 76' lang='grc' dir='ltr'><em>σημείῳ</em></span> <span class='ocrx_word' id='word_1_12' title='bbox 855 289 900 367; x_wconf 77' lang='grc' dir='ltr'><em>τῷ</em></span> <span class='ocrx_word' id='word_1_13' title='bbox 920 304 940 343; x_wconf 91' lang='grc' dir='ltr'><em>α</em></span> <span class='ocrx_word' id='word_1_14' title='bbox 963 289 1003 365; x_wconf 75' lang='grc' dir='ltr'><em>τῇ</em></span> <span class='ocrx_word' id='word_1_15' title='bbox 1026 279 1092 345; x_wconf 82' lang='grc' dir='ltr'><em>ὑπὸ</em></span> 
     </span>
     <span class='ocr_line' id='line_1_3' title="bbox 77 385 1092 472; baseline 0 -22"><span class='ocrx_word' id='word_1_16' title='bbox 77 387 150 452; x_wconf 76' lang='grc' dir='ltr'><em>εὸθ</em></span> <span class='ocrx_word' id='word_1_17' title='bbox 178 393 232 470; x_wconf 91' lang='grc' dir='ltr'><em>ἴση</em></span> <span class='ocrx_word' id='word_1_18' title='bbox 255 387 275 469; x_wconf 79' lang='grc' dir='ltr'><strong><em>ἡ</em></strong></span> <span class='ocrx_word' id='word_1_19' title='bbox 298 387 363 452; x_wconf 81' lang='grc' dir='ltr'><em>ὑπὸ</em></span> <span class='ocrx_word' id='word_1_20' title='bbox 387 407 471 470; x_wconf 84' lang='grc' dir='ltr'><em>ηακ·</em></span> <span class='ocrx_word' id='word_1_21' title='bbox 505 388 602 470; x_wconf 80' lang='grc' dir='ltr'><em>λοιπὴ</em></span> <span class='ocrx_word' id='word_1_22' title='bbox 630 388 695 472; x_wconf 80' lang='grc' dir='ltr'><em>ἄρα</em></span> <span class='ocrx_word' id='word_1_23' title='bbox 718 386 739 469; x_wconf 81' lang='grc' dir='ltr'><em>ἡ</em></span> <span class='ocrx_word' id='word_1_24' title='bbox 762 385 827 450; x_wconf 82' lang='grc' dir='ltr'><em>ὑπὸ</em></span> <span class='ocrx_word' id='word_1_25' title='bbox 852 387 916 466; x_wconf 77' lang='grc' dir='ltr'><em>ὃεζ</em></span> <span class='ocrx_word' id='word_1_26' title='bbox 943 393 998 469; x_wconf 89' lang='grc' dir='ltr'><em>ἴση</em></span> <span class='ocrx_word' id='word_1_27' title='bbox 1023 385 1092 451; x_wconf 80' lang='grc' dir='ltr'><em>ἐστὶ</em></span> 
     </span>
     <span class='ocr_line' id='line_1_4' title="bbox 78 492 1093 578; baseline -0.001 -20"><span class='ocrx_word' id='word_1_28' title='bbox 78 501 117 578; x_wconf 79' lang='grc' dir='ltr'><em>τῇ</em></span> <span class='ocrx_word' id='word_1_29' title='bbox 139 494 205 559; x_wconf 84' lang='grc' dir='ltr'><em>ὑπὸ</em></span> <span class='ocrx_word' id='word_1_30' title='bbox 229 518 307 576; x_wconf 87' lang='grc' dir='ltr'><em>ακη.</em></span> <span class='ocrx_word' id='word_1_31' title='bbox 354 492 436 559; x_wconf 79' lang='grc' dir='ltr'><em>ἀλλὰ</em></span> <span class='ocrx_word' id='word_1_32' title='bbox 458 494 500 577; x_wconf 76' lang='grc' dir='ltr'><em>δὴ</em></span> <span class='ocrx_word' id='word_1_33' title='bbox 524 496 606 558; x_wconf 82' lang='grc' dir='ltr'><em>ἔστω</em></span> <span class='ocrx_word' id='word_1_34' title='bbox 631 492 769 577; x_wconf 78' lang='grc' dir='ltr'><em>ἀμβλεῖα</em></span> <span class='ocrx_word' id='word_1_35' title='bbox 793 493 813 575; x_wconf 80' lang='grc' dir='ltr'><em>ἡ</em></span> <span class='ocrx_word' id='word_1_36' title='bbox 835 493 901 559; x_wconf 87' lang='grc' dir='ltr'><em>ὑπὸ</em></span> <span class='ocrx_word' id='word_1_37' title='bbox 926 495 998 573; x_wconf 56' lang='lat' dir='ltr'><strong>aeg.</strong></span> <span class='ocrx_word' id='word_1_38' title='bbox 1045 493 1093 558; x_wconf 82' lang='grc' dir='ltr'><em>ἐκ·</em></span> 
     </span>
     <span class='ocr_line' id='line_1_5' title="bbox 77 596 1094 687; baseline -0.001 -22"><span class='ocrx_word' id='word_1_39' title='bbox 77 603 258 684; x_wconf 78' lang='grc' dir='ltr'><strong><em>βληθείσης</em></strong></span> <span class='ocrx_word' id='word_1_40' title='bbox 280 601 344 687; x_wconf 78' lang='grc' dir='ltr'><em>ἄρα</em></span> <span class='ocrx_word' id='word_1_41' title='bbox 367 609 425 684; x_wconf 77' lang='grc' dir='ltr'><em>τῆς</em></span> <span class='ocrx_word' id='word_1_42' title='bbox 444 603 478 679; x_wconf 80' lang='grc' dir='ltr'><em>ξε</em></span> <span class='ocrx_word' id='word_1_43' title='bbox 502 596 590 677; x_wconf 84' lang='grc' dir='ltr'><em>ὀξεῖα</em></span> <span class='ocrx_word' id='word_1_44' title='bbox 611 602 701 664; x_wconf 81' lang='grc' dir='ltr'><em>ἔσται</em></span> <span class='ocrx_word' id='word_1_45' title='bbox 720 599 740 682; x_wconf 81' lang='grc' dir='ltr'><em>ἡ</em></span> <span class='ocrx_word' id='word_1_46' title='bbox 758 598 824 663; x_wconf 81' lang='grc' dir='ltr'><em>ὑπὸ</em></span> <span class='ocrx_word' id='word_1_47' title='bbox 844 600 865 663; x_wconf 77' lang='grc' dir='ltr'><em>ὃ</em></span> <span class='ocrx_word' id='word_1_48' title='bbox 870 606 919 666; x_wconf 92' lang='grc' dir='ltr'><em>ελ.</em></span> <span class='ocrx_word' id='word_1_49' title='bbox 951 601 1094 676; x_wconf 80' lang='grc' dir='ltr'><em>κάθετος</em></span> 
     </span>
     <span class='ocr_line' id='line_1_6' title="bbox 42 703 1094 791; baseline -0.003 -18"><span class='ocrx_word' id='word_1_50' title='bbox 42 703 140 773; x_wconf 74' lang='grc' dir='ltr'><em>ὅοῦν</em></span> <span class='ocrx_word' id='word_1_51' title='bbox 158 708 252 790; x_wconf 80' lang='grc' dir='ltr'><em>ἤχθω</em></span> <span class='ocrx_word' id='word_1_52' title='bbox 271 706 291 789; x_wconf 81' lang='grc' dir='ltr'><em>ἡ</em></span> <span class='ocrx_word' id='word_1_53' title='bbox 312 709 367 790; x_wconf 75' lang='grc' dir='ltr'><em>θλ,</em></span> <span class='ocrx_word' id='word_1_54' title='bbox 387 705 442 771; x_wconf 87' lang='grc' dir='ltr'><em>καῖ</em></span> <span class='ocrx_word' id='word_1_55' title='bbox 455 716 494 791; x_wconf 76' lang='grc' dir='ltr'><em>τῇ</em></span> <span class='ocrx_word' id='word_1_56' title='bbox 509 706 574 770; x_wconf 80' lang='grc' dir='ltr'><em>ὑπὸ</em></span> <span class='ocrx_word' id='word_1_57' title='bbox 594 707 660 771; x_wconf 76' lang='grc' dir='ltr'><em>λὸε</em></span> <span class='ocrx_word' id='word_1_58' title='bbox 680 712 733 788; x_wconf 91' lang='grc' dir='ltr'><em>ἴση</em></span> <span class='ocrx_word' id='word_1_59' title='bbox 751 709 874 771; x_wconf 78' lang='grc' dir='ltr'><em>κείσθω</em></span> <span class='ocrx_word' id='word_1_60' title='bbox 891 706 992 789; x_wconf 79' lang='grc' dir='ltr'><em>ηώττὸ</em></span> <span class='ocrx_word' id='word_1_61' title='bbox 1011 730 1094 789; x_wconf 83' lang='grc' dir='ltr'><em>ηαν.</em></span> 
     </span>
     <span class='ocr_line' id='line_1_7' title="bbox 78 811 1093 899; baseline -0.002 -21"><span class='ocrx_word' id='word_1_62' title='bbox 78 815 176 897; x_wconf 79' lang='grc' dir='ltr'><em>λοιπὴ</em></span> <span class='ocrx_word' id='word_1_63' title='bbox 200 816 264 899; x_wconf 75' lang='grc' dir='ltr'><em>ἄρα</em></span> <span class='ocrx_word' id='word_1_64' title='bbox 286 813 306 896; x_wconf 79' lang='grc' dir='ltr'><em>ἡ</em></span> <span class='ocrx_word' id='word_1_65' title='bbox 329 814 394 879; x_wconf 83' lang='grc' dir='ltr'><em>ὑπὸ</em></span> <span class='ocrx_word' id='word_1_66' title='bbox 419 815 485 878; x_wconf 74' lang='grc' dir='ltr'><em>δελ</em></span> <span class='ocrx_word' id='word_1_67' title='bbox 509 819 563 896; x_wconf 91' lang='grc' dir='ltr'><em>ἴση</em></span> <span class='ocrx_word' id='word_1_68' title='bbox 588 811 655 877; x_wconf 80' lang='grc' dir='ltr'><em>ἐστὶ</em></span> <span class='ocrx_word' id='word_1_69' title='bbox 678 821 717 897; x_wconf 77' lang='grc' dir='ltr'><em>τη</em></span> <span class='ocrx_word' id='word_1_70' title='bbox 741 812 806 877; x_wconf 82' lang='grc' dir='ltr'><em>ὑπὸ</em></span> <span class='ocrx_word' id='word_1_71' title='bbox 830 837 910 897; x_wconf 88' lang='grc' dir='ltr'><em>ακη,</em></span> <span class='ocrx_word' id='word_1_72' title='bbox 934 815 1017 878; x_wconf 86' lang='grc' dir='ltr'><em>ώστε</em></span> <span class='ocrx_word' id='word_1_73' title='bbox 1035 811 1093 877; x_wconf 79' lang='grc' dir='ltr'><em>καῖ</em></span> 
     </span>
     <span class='ocr_line' id='line_1_8' title="bbox 77 917 1092 1005; baseline 0 -22"><span class='ocrx_word' id='word_1_74' title='bbox 77 919 98 1002; x_wconf 79' lang='grc' dir='ltr'><em>η</em></span> <span class='ocrx_word' id='word_1_75' title='bbox 123 917 239 1003; x_wconf 78' lang='grc' dir='ltr'><em>ἐφεξῆς</em></span> <span class='ocrx_word' id='word_1_76' title='bbox 260 919 281 1002; x_wconf 84' lang='grc' dir='ltr'><em>ἡ</em></span> <span class='ocrx_word' id='word_1_77' title='bbox 304 921 369 986; x_wconf 78' lang='grc' dir='ltr'><em>ὑπὸ</em></span> <span class='ocrx_word' id='word_1_78' title='bbox 394 921 458 999; x_wconf 60' lang='lat' dir='ltr'><em>&amp;eg</em></span> <span class='ocrx_word' id='word_1_79' title='bbox 479 929 518 1005; x_wconf 77' lang='grc' dir='ltr'><em>τη</em></span> <span class='ocrx_word' id='word_1_80' title='bbox 543 917 658 1004; x_wconf 80' lang='grc' dir='ltr'><em>ἐφεξῆς</em></span> <span class='ocrx_word' id='word_1_81' title='bbox 680 928 719 1004; x_wconf 75' lang='grc' dir='ltr'><em>τῇ</em></span> <span class='ocrx_word' id='word_1_82' title='bbox 738 919 804 985; x_wconf 78' lang='grc' dir='ltr'><em>ὑπὸ</em></span> <span class='ocrx_word' id='word_1_83' title='bbox 823 944 894 1002; x_wconf 84' lang='grc' dir='ltr'><em>ακγ</em></span> <span class='ocrx_word' id='word_1_84' title='bbox 917 926 972 1003; x_wconf 89' lang='grc' dir='ltr'><em>ἴση</em></span> <span class='ocrx_word' id='word_1_85' title='bbox 992 919 1092 985; x_wconf 79' lang='grc' dir='ltr'><em>ἐστίν.</em></span> 
     </span>
     <span class='ocr_line' id='line_1_9' title="bbox 147 1043 1093 1129; baseline 0 -21"><span class='ocrx_word' id='word_1_86' title='bbox 147 1045 198 1108; x_wconf 84' lang='grc'><em>34.</em></span> <span class='ocrx_word' id='word_1_87' title='bbox 232 1043 388 1108; x_wconf 80' lang='grc' dir='ltr'><em>Τοντίστι</em></span> <span class='ocrx_word' id='word_1_88' title='bbox 411 1045 448 1109; x_wconf 90' lang='grc' dir='ltr'><em>τὸ</em></span> <span class='ocrx_word' id='word_1_89' title='bbox 472 1044 537 1109; x_wconf 84' lang='grc' dir='ltr'><em>ὑπὸ</em></span> <span class='ocrx_word' id='word_1_90' title='bbox 561 1055 629 1108; x_wconf 84' lang='grc' dir='ltr'><em>τῶν</em></span> <span class='ocrx_word' id='word_1_91' title='bbox 648 1046 745 1107; x_wconf 88' lang='grc' dir='ltr'><em>ΕΓΒ</em></span> <span class='ocrx_word' id='word_1_92' title='bbox 767 1067 797 1127; x_wconf 91' lang='lat' dir='ltr'><em>p.</em></span> <span class='ocrx_word' id='word_1_93' title='bbox 813 1044 889 1129; x_wconf 81' lang='lat'><strong>214,</strong></span> <span class='ocrx_word' id='word_1_94' title='bbox 908 1045 1009 1125; x_wconf 82' lang='grc'><strong>6-7]</strong></span> <span class='ocrx_word' id='word_1_95' title='bbox 1035 1043 1093 1108; x_wconf 80' lang='grc' dir='ltr'><em>ἐὰν</em></span> 
     </span>
     <span class='ocr_line' id='line_1_10' title="bbox 80 1150 1093 1236; baseline 0.002 -23"><span class='ocrx_word' id='word_1_96' title='bbox 80 1151 142 1234; x_wconf 84' lang='grc' dir='ltr'><em>γὰρ</em></span> <span class='ocrx_word' id='word_1_97' title='bbox 161 1150 276 1214; x_wconf 81' lang='grc' dir='ltr'><em>εὐθεῖα</em></span> <span class='ocrx_word' id='word_1_98' title='bbox 294 1152 426 1236; x_wconf 79' lang='grc' dir='ltr'><em>γραμμὴ</em></span> <span class='ocrx_word' id='word_1_99' title='bbox 445 1156 566 1235; x_wconf 76' lang='grc' dir='ltr'><em>τμηθῇ,</em></span> <span class='ocrx_word' id='word_1_100' title='bbox 590 1151 635 1225; x_wconf 86' lang='grc' dir='ltr'><em>ὡς</em></span> <span class='ocrx_word' id='word_1_101' title='bbox 653 1153 777 1233; x_wconf 80' lang='grc' dir='ltr'><em>ἔτυχεν,</em></span> <span class='ocrx_word' id='word_1_102' title='bbox 800 1151 837 1214; x_wconf 92' lang='grc' dir='ltr'><em>τὸ</em></span> <span class='ocrx_word' id='word_1_103' title='bbox 856 1151 919 1215; x_wconf 80' lang='grc' dir='ltr'><em>ὑπὸ</em></span> <span class='ocrx_word' id='word_1_104' title='bbox 938 1159 997 1234; x_wconf 78' lang='grc' dir='ltr'><em>τῆς</em></span> <span class='ocrx_word' id='word_1_105' title='bbox 1016 1151 1093 1232; x_wconf 84' lang='grc' dir='ltr'><em>ὅλης</em></span> 
     </span>
     <span class='ocr_line' id='line_1_11' title="bbox 27 1254 1093 1342; baseline 0.005 -26"><span class='ocrx_word' id='word_1_106' title='bbox 27 1265 61 1316; x_wconf 86' lang='grc'><em>10</em></span> <span class='ocrx_word' id='word_1_107' title='bbox 79 1255 135 1321; x_wconf 84' lang='grc' dir='ltr'><em>καὶ</em></span> <span class='ocrx_word' id='word_1_108' title='bbox 158 1254 231 1333; x_wconf 82' lang='grc' dir='ltr'><em>ἑνὸς</em></span> <span class='ocrx_word' id='word_1_109' title='bbox 254 1267 321 1320; x_wconf 85' lang='grc' dir='ltr'><em>τῶν</em></span> <span class='ocrx_word' id='word_1_110' title='bbox 343 1255 519 1340; x_wconf 78' lang='grc' dir='ltr'><em>τμημάτων</em></span> <span class='ocrx_word' id='word_1_111' title='bbox 537 1259 770 1341; x_wconf 83' lang='grc' dir='ltr'><em>περιεχόμενον</em></span> <span class='ocrx_word' id='word_1_112' title='bbox 788 1256 1000 1342; x_wconf 74' lang='grc' dir='ltr'><em>ὀρθογώνιον</em></span> <span class='ocrx_word' id='word_1_113' title='bbox 1020 1263 1093 1321; x_wconf 90' lang='grc' dir='ltr'><em>ἴσον</em></span> 
     </span>
     <span class='ocr_line' id='line_1_12' title="bbox 29 1357 1093 1450; baseline -0.001 -23"><span class='ocrx_word' id='word_1_114' title='bbox 29 1357 32 1361; x_wconf 28' lang='lat'><em>¹</em></span> <span class='ocrx_word' id='word_1_115' title='bbox 81 1361 149 1427; x_wconf 81' lang='grc' dir='ltr'><em>ἐστὶ</em></span> <span class='ocrx_word' id='word_1_116' title='bbox 172 1372 218 1450; x_wconf 76' lang='grc' dir='ltr'><em>τῷ</em></span> <span class='ocrx_word' id='word_1_117' title='bbox 246 1385 280 1426; x_wconf 92' lang='grc' dir='ltr'><em>τε</em></span> <span class='ocrx_word' id='word_1_118' title='bbox 307 1362 372 1426; x_wconf 82' lang='grc' dir='ltr'><em>ὑπὸ</em></span> <span class='ocrx_word' id='word_1_119' title='bbox 395 1373 463 1426; x_wconf 87' lang='grc' dir='ltr'><em>τών</em></span> <span class='ocrx_word' id='word_1_120' title='bbox 490 1362 667 1446; x_wconf 83' lang='grc' dir='ltr'><em>τμημάτων</em></span> <span class='ocrx_word' id='word_1_121' title='bbox 693 1361 816 1450; x_wconf 77' lang='grc' dir='ltr'><em>καὶτῷ</em></span> <span class='ocrx_word' id='word_1_122' title='bbox 840 1362 903 1427; x_wconf 78' lang='grc' dir='ltr'><em>ἀπὸ</em></span> <span class='ocrx_word' id='word_1_123' title='bbox 929 1372 990 1426; x_wconf 89' lang='grc' dir='ltr'><em>τοῦ</em></span> <span class='ocrx_word' id='word_1_124' title='bbox 1014 1385 1093 1449; x_wconf 81' lang='grc' dir='ltr'><em>προ-</em></span> 
     </span>
     <span class='ocr_line' id='line_1_13' title="bbox 81 1467 483 1556; baseline 0.005 -23"><span class='ocrx_word' id='word_1_125' title='bbox 81 1467 256 1556; x_wconf 81' lang='grc' dir='ltr'><em>ειρημένου</em></span> <span class='ocrx_word' id='word_1_126' title='bbox 278 1470 483 1556; x_wconf 75' lang='grc' dir='ltr'><em>τετραγώνῳ.</em></span> 
     </span>
     <span class='ocr_line' id='line_1_14' title="bbox 149 1591 1093 1680; baseline 0 -22"><span class='ocrx_word' id='word_1_127' title='bbox 149 1595 201 1658; x_wconf 81' lang='grc'><em>35.</em></span> <span class='ocrx_word' id='word_1_128' title='bbox 223 1591 316 1658; x_wconf 80' lang='grc' dir='ltr'><em>Ἴσον</em></span> <span class='ocrx_word' id='word_1_129' title='bbox 340 1591 408 1657; x_wconf 81' lang='grc' dir='ltr'><em>ἐστὶ</em></span> <span class='ocrx_word' id='word_1_130' title='bbox 432 1602 476 1680; x_wconf 76' lang='grc' dir='ltr'><em>τῷ</em></span> <span class='ocrx_word' id='word_1_131' title='bbox 501 1592 564 1658; x_wconf 81' lang='grc' dir='ltr'><em>ἀπὸ</em></span> <span class='ocrx_word' id='word_1_132' title='bbox 587 1597 651 1657; x_wconf 88' lang='grc' dir='ltr'><em>ΒΔ</em></span> <span class='ocrx_word' id='word_1_133' title='bbox 673 1616 704 1677; x_wconf 90' lang='lat' dir='ltr'><em>p.</em></span> <span class='ocrx_word' id='word_1_134' title='bbox 725 1595 800 1675; x_wconf 77' lang='lat'>214,</span> <span class='ocrx_word' id='word_1_135' title='bbox 825 1595 925 1674; x_wconf 81' lang='lat'>7-8]</span> <span class='ocrx_word' id='word_1_136' title='bbox 949 1592 1008 1659; x_wconf 80' lang='grc' dir='ltr'><em>ἐὰν</em></span> <span class='ocrx_word' id='word_1_137' title='bbox 1030 1595 1093 1680; x_wconf 83' lang='grc' dir='ltr'><em>γὰρ</em></span> 
     </span>
     <span class='ocr_line' id='line_1_15' title="bbox 80 1697 1094 1786; baseline -0.001 -22"><span class='ocrx_word' id='word_1_138' title='bbox 80 1710 168 1786; x_wconf 78' lang='grc' dir='ltr'><em>τρεῖς</em></span> <span class='ocrx_word' id='word_1_139' title='bbox 187 1700 316 1764; x_wconf 81' lang='grc' dir='ltr'><em>εὐθεῖαι</em></span> <span class='ocrx_word' id='word_1_140' title='bbox 335 1699 510 1782; x_wconf 78' lang='grc' dir='ltr'><em>ἀνάλογον,</em></span> <span class='ocrx_word' id='word_1_141' title='bbox 528 1701 565 1763; x_wconf 91' lang='grc' dir='ltr'><em>τὸ</em></span> <span class='ocrx_word' id='word_1_142' title='bbox 584 1698 649 1763; x_wconf 85' lang='grc' dir='ltr'><em>ὑπὸ</em></span> <span class='ocrx_word' id='word_1_143' title='bbox 667 1701 799 1786; x_wconf 79' lang='grc' dir='ltr'><em>πρώτης</em></span> <span class='ocrx_word' id='word_1_144' title='bbox 816 1697 872 1763; x_wconf 83' lang='grc' dir='ltr'><em>καῖ</em></span> <span class='ocrx_word' id='word_1_145' title='bbox 889 1704 1002 1786; x_wconf 88' lang='grc' dir='ltr'><em>τρίτης</em></span> <span class='ocrx_word' id='word_1_146' title='bbox 1021 1707 1094 1765; x_wconf 91' lang='grc' dir='ltr'><em>ἴσον</em></span> 
     </span>
     <span class='ocr_line' id='line_1_16' title="bbox 29 1803 574 1894; baseline 0 -24"><span class='ocrx_word' id='word_1_147' title='bbox 29 1814 61 1861; x_wconf 80' lang='lat'><em>15</em></span> <span class='ocrx_word' id='word_1_148' title='bbox 82 1804 150 1871; x_wconf 86' lang='grc' dir='ltr'><em>ε’στῖ</em></span> <span class='ocrx_word' id='word_1_149' title='bbox 173 1815 218 1894; x_wconf 75' lang='grc' dir='ltr'><em>τῷ</em></span> <span class='ocrx_word' id='word_1_150' title='bbox 243 1805 305 1870; x_wconf 84' lang='grc' dir='ltr'><em>ἀπὸ</em></span> <span class='ocrx_word' id='word_1_151' title='bbox 329 1815 386 1889; x_wconf 82' lang='grc' dir='ltr'><em>της</em></span> <span class='ocrx_word' id='word_1_152' title='bbox 409 1803 574 1890; x_wconf 74' lang='grc' dir='ltr'><em>δευτέρας.</em></span> 
     </span>
    </p>
   </div>
   <div class='ocr_carea' id='block_1_3' title="bbox 29 1981 1098 2968">
    <p class='ocr_par' dir='ltr' id='par_1_3' title="bbox 29 1981 1098 2968">
     <span class='ocr_line' id='line_1_17' title="bbox 285 1981 889 2065; baseline 0.002 -19"><span class='ocrx_word' id='word_1_153' title='bbox 285 1982 336 2046; x_wconf 84' lang='lat' dir='ltr'><em>Ad</em></span> <span class='ocrx_word' id='word_1_154' title='bbox 358 2004 449 2065; x_wconf 83' lang='lat' dir='ltr'><strong>prop.</strong></span> <span class='ocrx_word' id='word_1_155' title='bbox 472 1981 613 2046; x_wconf 88' lang='lat' dir='ltr'><strong>LXVIII</strong></span> <span class='ocrx_word' id='word_1_156' title='bbox 636 1983 810 2046; x_wconf 78' lang='lat' dir='ltr'><strong>demonstr.</strong></span> <span class='ocrx_word' id='word_1_157' title='bbox 834 1983 889 2047; x_wconf 77' lang='lat' dir='ltr'><strong>alt.</strong></span> 
     </span>
     <span class='ocr_line' id='line_1_18' title="bbox 149 2105 1095 2194; baseline 0 -23"><span class='ocrx_word' id='word_1_158' title='bbox 149 2108 200 2172; x_wconf 84' lang='lat'><strong>36.</strong></span> <span class='ocrx_word' id='word_1_159' title='bbox 220 2111 300 2182; x_wconf 84' lang='grc' dir='ltr'><em>Πῶς</em></span> <span class='ocrx_word' id='word_1_160' title='bbox 314 2107 460 2171; x_wconf 76' lang='grc' dir='ltr'><em>δυνατὸν</em></span> <span class='ocrx_word' id='word_1_161' title='bbox 475 2115 620 2189; x_wconf 81' lang='grc' dir='ltr'><em>ποιησαι,</em></span> <span class='ocrx_word' id='word_1_162' title='bbox 635 2105 680 2182; x_wconf 88' lang='grc' dir='ltr'><em>ώς</em></span> <span class='ocrx_word' id='word_1_163' title='bbox 697 2107 734 2170; x_wconf 92' lang='grc' dir='ltr'><em>τὸ</em></span> <span class='ocrx_word' id='word_1_164' title='bbox 749 2111 781 2169; x_wconf 85' lang='grc' dir='ltr'><em>Α</em></span> <span class='ocrx_word' id='word_1_165' title='bbox 798 2111 1095 2194; x_wconf 82' lang='grc' dir='ltr'><em>παραλληλόγραμ-</em></span> 
     </span>
     <span class='ocr_line' id='line_1_19' title="bbox 82 2213 1097 2300; baseline 0.003 -24"><span class='ocrx_word' id='word_1_166' title='bbox 82 2235 146 2296; x_wconf 91' lang='grc' dir='ltr'><em>μον</em></span> <span class='ocrx_word' id='word_1_167' title='bbox 160 2214 243 2298; x_wconf 78' lang='grc' dir='ltr'><em>πρὸς</em></span> <span class='ocrx_word' id='word_1_168' title='bbox 256 2214 292 2276; x_wconf 90' lang='grc' dir='ltr'><em>τὸ</em></span> <span class='ocrx_word' id='word_1_169' title='bbox 308 2216 336 2275; x_wconf 92' lang='grc' dir='ltr'><strong><em>Β</em></strong></span> <span class='ocrx_word' id='word_1_170' title='bbox 350 2215 704 2298; x_wconf 86' lang='grc' dir='ltr'><em>παραλληλόγραμμον,</em></span> <span class='ocrx_word' id='word_1_171' title='bbox 718 2213 824 2288; x_wconf 81' lang='grc' dir='ltr'><em>οὕτως</em></span> <span class='ocrx_word' id='word_1_172' title='bbox 836 2215 898 2296; x_wconf 80' lang='grc' dir='ltr'><em>την</em></span> <span class='ocrx_word' id='word_1_173' title='bbox 912 2217 947 2277; x_wconf 88' lang='grc' dir='ltr'><em>Κ</em></span> <span class='ocrx_word' id='word_1_174' title='bbox 957 2216 1041 2300; x_wconf 86' lang='grc' dir='ltr'><em>πρὸς</em></span> <span class='ocrx_word' id='word_1_175' title='bbox 1051 2220 1097 2294; x_wconf 75' lang='grc' dir='ltr'><em>Λ,</em></span> 
     </span>
     <span class='ocr_line' id='line_1_20' title="bbox 82 2318 1097 2406; baseline 0.004 -24"><span class='ocrx_word' id='word_1_176' title='bbox 82 2320 234 2402; x_wconf 83' lang='grc' dir='ltr'><em>εἴλήφθω</em></span> <span class='ocrx_word' id='word_1_177' title='bbox 258 2328 325 2382; x_wconf 83' lang='grc' dir='ltr'><em>τῶν</em></span> <span class='ocrx_word' id='word_1_178' title='bbox 349 2321 419 2399; x_wconf 88' lang='grc' dir='ltr'><em>ΓΔ,</em></span> <span class='ocrx_word' id='word_1_179' title='bbox 437 2321 501 2381; x_wconf 87' lang='grc' dir='ltr'><em>ΕΖ</em></span> <span class='ocrx_word' id='word_1_180' title='bbox 523 2322 617 2404; x_wconf 91' lang='grc' dir='ltr'><em>τρίτη</em></span> <span class='ocrx_word' id='word_1_181' title='bbox 642 2318 817 2402; x_wconf 81' lang='grc' dir='ltr'><em>ἀνάλογον.</em></span> <span class='ocrx_word' id='word_1_182' title='bbox 853 2322 943 2384; x_wconf 76' lang='grc' dir='ltr'><em>ἔστιν</em></span> <span class='ocrx_word' id='word_1_183' title='bbox 967 2321 1032 2406; x_wconf 74' lang='grc' dir='ltr'><em>ἄρα</em></span> <span class='ocrx_word' id='word_1_184' title='bbox 1050 2323 1097 2399; x_wconf 89' lang='grc' dir='ltr'><em>ώς</em></span> 
     </span>
     <span class='ocr_line' id='line_1_21' title="bbox 29 2424 1098 2513; baseline 0.009 -31"><span class='ocrx_word' id='word_1_185' title='bbox 29 2424 104 2507; x_wconf 73' lang='grc' dir='ltr'><em>2οη</em></span> <span class='ocrx_word' id='word_1_186' title='bbox 127 2425 240 2511; x_wconf 85' lang='grc' dir='ltr'><em>ττρώτη</em></span> <span class='ocrx_word' id='word_1_187' title='bbox 262 2425 346 2509; x_wconf 84' lang='grc' dir='ltr'><em>πρὸς</em></span> <span class='ocrx_word' id='word_1_188' title='bbox 369 2425 429 2507; x_wconf 79' lang='grc' dir='ltr'><em>τὴν</em></span> <span class='ocrx_word' id='word_1_189' title='bbox 452 2427 581 2510; x_wconf 82' lang='grc' dir='ltr'><em>τρίτην,</em></span> <span class='ocrx_word' id='word_1_190' title='bbox 607 2425 713 2501; x_wconf 81' lang='grc' dir='ltr'><em>οὕτως</em></span> <span class='ocrx_word' id='word_1_191' title='bbox 735 2426 772 2489; x_wconf 87' lang='grc' dir='ltr'><em>τὸ</em></span> <span class='ocrx_word' id='word_1_192' title='bbox 796 2425 859 2490; x_wconf 78' lang='grc' dir='ltr'><em>ἀπὸ</em></span> <span class='ocrx_word' id='word_1_193' title='bbox 882 2435 941 2509; x_wconf 79' lang='grc' dir='ltr'><em>τῆς</em></span> <span class='ocrx_word' id='word_1_194' title='bbox 963 2429 1098 2513; x_wconf 82' lang='grc' dir='ltr'><em>πρώτης</em></span> 
     </span>
     <span class='ocr_line' id='line_1_22' title="bbox 82 2530 1096 2618; baseline 0.002 -22"><span class='ocrx_word' id='word_1_195' title='bbox 82 2534 165 2618; x_wconf 85' lang='grc' dir='ltr'><em>πρὸς</em></span> <span class='ocrx_word' id='word_1_196' title='bbox 187 2533 224 2596; x_wconf 91' lang='grc' dir='ltr'><em>τὸ</em></span> <span class='ocrx_word' id='word_1_197' title='bbox 249 2531 311 2597; x_wconf 82' lang='grc' dir='ltr'><em>ἀπὸ</em></span> <span class='ocrx_word' id='word_1_198' title='bbox 335 2541 392 2615; x_wconf 79' lang='grc' dir='ltr'><em>τῆς</em></span> <span class='ocrx_word' id='word_1_199' title='bbox 415 2530 572 2617; x_wconf 74' lang='grc' dir='ltr'><em>δευτέρας</em></span> <span class='ocrx_word' id='word_1_200' title='bbox 594 2533 631 2596; x_wconf 92' lang='grc' dir='ltr'><em>τὸ</em></span> <span class='ocrx_word' id='word_1_201' title='bbox 655 2532 772 2616; x_wconf 82' lang='grc' dir='ltr'><em>ὅμοιον</em></span> <span class='ocrx_word' id='word_1_202' title='bbox 793 2530 849 2597; x_wconf 84' lang='grc' dir='ltr'><em>καῖ</em></span> <span class='ocrx_word' id='word_1_203' title='bbox 872 2532 995 2617; x_wconf 84' lang='grc' dir='ltr'><em>ὁμοίως</em></span> <span class='ocrx_word' id='word_1_204' title='bbox 1016 2534 1096 2599; x_wconf 86' lang='grc' dir='ltr'><em>ἀνα-</em></span> 
     </span>
     <span class='ocr_line' id='line_1_23' title="bbox 82 2633 1097 2725; baseline 0.003 -23"><span class='ocrx_word' id='word_1_205' title='bbox 82 2642 304 2725; x_wconf 78' lang='grc' dir='ltr'><em>γραφόμενον,</em></span> <span class='ocrx_word' id='word_1_206' title='bbox 327 2635 382 2701; x_wconf 85' lang='grc' dir='ltr'><em>καῖ</em></span> <span class='ocrx_word' id='word_1_207' title='bbox 405 2638 522 2702; x_wconf 83' lang='grc' dir='ltr'><em>λοιττὸν</em></span> <span class='ocrx_word' id='word_1_208' title='bbox 545 2638 589 2713; x_wconf 87' lang='grc' dir='ltr'><em>ώς</em></span> <span class='ocrx_word' id='word_1_209' title='bbox 613 2633 666 2701; x_wconf 57' lang='lat' dir='ltr'><em>&amp;aa</em></span> <span class='ocrx_word' id='word_1_210' title='bbox 689 2638 831 2702; x_wconf 83' lang='grc' dir='ltr'><em>εὐθειῶν</em></span> <span class='ocrx_word' id='word_1_211' title='bbox 854 2638 1028 2725; x_wconf 77' lang='grc' dir='ltr'><em>γεγονέτω,</em></span> <span class='ocrx_word' id='word_1_212' title='bbox 1051 2641 1097 2716; x_wconf 86' lang='grc' dir='ltr'><em>ώς</em></span> 
     </span>
     <span class='ocr_line' id='line_1_24' title="bbox 82 2742 971 2830; baseline 0 -22"><span class='ocrx_word' id='word_1_213' title='bbox 82 2744 103 2826; x_wconf 81' lang='grc' dir='ltr'><em>ἡ</em></span> <span class='ocrx_word' id='word_1_214' title='bbox 126 2745 239 2830; x_wconf 82' lang='grc' dir='ltr'><em>πρώτη</em></span> <span class='ocrx_word' id='word_1_215' title='bbox 262 2744 345 2829; x_wconf 79' lang='grc' dir='ltr'><em>πρὸς</em></span> <span class='ocrx_word' id='word_1_216' title='bbox 368 2745 428 2827; x_wconf 78' lang='grc' dir='ltr'><em>τὴν</em></span> <span class='ocrx_word' id='word_1_217' title='bbox 451 2746 576 2828; x_wconf 88' lang='grc' dir='ltr'><em>τρίτην,</em></span> <span class='ocrx_word' id='word_1_218' title='bbox 600 2743 705 2819; x_wconf 75' lang='grc' dir='ltr'><em>οὕτως</em></span> <span class='ocrx_word' id='word_1_219' title='bbox 728 2742 748 2824; x_wconf 79' lang='grc' dir='ltr'><strong><em>ἡ</em></strong></span> <span class='ocrx_word' id='word_1_220' title='bbox 771 2747 806 2806; x_wconf 89' lang='lat' dir='ltr'><em>K</em></span> <span class='ocrx_word' id='word_1_221' title='bbox 825 2744 908 2829; x_wconf 79' lang='grc' dir='ltr'><em>πρὸς</em></span> <span class='ocrx_word' id='word_1_222' title='bbox 932 2749 971 2808; x_wconf 94' lang='grc' dir='ltr'><em>Λ.</em></span> 
     </span>
     <span class='ocr_line' id='line_1_25' title="bbox 155 2899 777 2968; baseline 0.005 -16"><span class='ocrx_word' id='word_1_223' title='bbox 155 2906 197 2954; x_wconf 85' lang='lat'><strong>34.</strong></span> <span class='ocrx_word' id='word_1_224' title='bbox 217 2899 285 2954; x_wconf 71' lang='lat' dir='ltr'><strong>Plv.</strong></span> <span class='ocrx_word' id='word_1_225' title='bbox 359 2904 400 2953; x_wconf 83' lang='lat'><strong>35.</strong></span> <span class='ocrx_word' id='word_1_226' title='bbox 420 2899 465 2954; x_wconf 64' lang='grc' dir='ltr'><em>ΡΙ,</em></span> <span class='ocrx_word' id='word_1_227' title='bbox 538 2905 580 2953; x_wconf 71' lang='grc' dir='ltr'><em>τε.</em></span> <span class='ocrx_word' id='word_1_228' title='bbox 600 2899 777 2968; x_wconf 56' lang='lat' dir='ltr'><strong>mmm.</strong></span> 
     </span>
    </p>
   </div>
   <div class='ocr_carea' id='block_1_4' title="bbox 76 3058 1094 3490">
    <p class='ocr_par' dir='ltr' id='par_1_4' title="bbox 76 3058 1094 3490">
     <span class='ocr_line' id='line_1_26' title="bbox 157 3058 1094 3133; baseline 0.005 -22"><span class='ocrx_word' id='word_1_229' title='bbox 157 3058 414 3130; x_wconf 73' lang='grc' dir='ltr'><em>1.τῇ(μτ.)]τόΡ1.</em></span> <span class='ocrx_word' id='word_1_230' title='bbox 474 3059 698 3130; x_wconf 57' lang='lat' dir='ltr'><em>meumst</em></span> <span class='ocrx_word' id='word_1_231' title='bbox 753 3060 954 3131; x_wconf 81' lang='grc' dir='ltr'><em>4.ζε]θεΡΙ.</em></span> <span class='ocrx_word' id='word_1_232' title='bbox 1009 3061 1094 3133; x_wconf 76' lang='grc' dir='ltr'><em>ἔσται]</em></span> 
     </span>
     <span class='ocr_line' id='line_1_27' title="bbox 86 3130 1092 3220; baseline 0.003 -36"><span class='ocrx_word' id='word_1_233' title='bbox 86 3131 195 3197; x_wconf 78' lang='grc' dir='ltr'><em>ἴστωρ.</em></span> <span class='ocrx_word' id='word_1_234' title='bbox 287 3130 506 3200; x_wconf 55' lang='lat' dir='ltr'><strong>amam.</strong></span> <span class='ocrx_word' id='word_1_235' title='bbox 597 3130 809 3220; x_wconf 72' lang='grc' dir='ltr'><em>λδε]αδεΡΙ.</em></span> <span class='ocrx_word' id='word_1_236' title='bbox 900 3133 1092 3203; x_wconf 80' lang='grc' dir='ltr'><em>ηαν]ηλκ1.</em></span> 
     </span>
     <span class='ocr_line' id='line_1_28' title="bbox 122 3199 1094 3272; baseline 0.002 -18"><span class='ocrx_word' id='word_1_237' title='bbox 122 3209 144 3255; x_wconf 81' lang='grc'><em>7.</em></span> <span class='ocrx_word' id='word_1_238' title='bbox 171 3202 246 3271; x_wconf 78' lang='lat' dir='ltr'><em>any]</em></span> <span class='ocrx_word' id='word_1_239' title='bbox 269 3221 333 3270; x_wconf 92' lang='grc' dir='ltr'><em>αηγ</em></span> <span class='ocrx_word' id='word_1_240' title='bbox 357 3199 401 3254; x_wconf 90' lang='lat' dir='ltr'><em>Pl.</em></span> <span class='ocrx_word' id='word_1_241' title='bbox 499 3208 540 3256; x_wconf 89' lang='grc'><em>10.</em></span> <span class='ocrx_word' id='word_1_242' title='bbox 564 3203 725 3272; x_wconf 82' lang='grc' dir='ltr'><em>τμηματων]</em></span> <span class='ocrx_word' id='word_1_243' title='bbox 750 3219 802 3255; x_wconf 91' lang='lat' dir='ltr'><strong>om.</strong></span> <span class='ocrx_word' id='word_1_244' title='bbox 822 3201 867 3257; x_wconf 90' lang='lat' dir='ltr'><em>PI.</em></span> <span class='ocrx_word' id='word_1_245' title='bbox 962 3210 1003 3258; x_wconf 90' lang='lat'><strong>11.</strong></span> <span class='ocrx_word' id='word_1_246' title='bbox 1028 3205 1094 3258; x_wconf 77' lang='lat' dir='ltr'><strong>Post</strong></span> 
     </span>
     <span class='ocr_line' id='line_1_29' title="bbox 83 3270 1091 3342; baseline 0.002 -16"><span class='ocrx_word' id='word_1_247' title='bbox 83 3270 285 3341; x_wconf 84' lang='grc' dir='ltr'><em>προειρημένον</em></span> <span class='ocrx_word' id='word_1_248' title='bbox 308 3271 428 3325; x_wconf 56' lang='lat' dir='ltr'>sonasse</span> <span class='ocrx_word' id='word_1_249' title='bbox 447 3287 480 3324; x_wconf 86' lang='lat' dir='ltr'><em>ex</em></span> <span class='ocrx_word' id='word_1_250' title='bbox 500 3272 591 3340; x_wconf 83' lang='grc' dir='ltr'><em>ο1.Π,</em></span> <span class='ocrx_word' id='word_1_251' title='bbox 611 3279 626 3325; x_wconf 87' lang='lat'><strong>3</strong></span> <span class='ocrx_word' id='word_1_252' title='bbox 650 3272 812 3326; x_wconf 77' lang='lat' dir='ltr'><strong>addendum</strong></span> <span class='ocrx_word' id='word_1_253' title='bbox 829 3273 978 3342; x_wconf 84' lang='grc' dir='ltr'><em>τμήματος.</em></span> <span class='ocrx_word' id='word_1_254' title='bbox 1051 3279 1091 3329; x_wconf 87' lang='grc'><em>18.</em></span> 
     </span>
     <span class='ocr_line' id='line_1_30' title="bbox 76 3342 1090 3415; baseline 0.002 -18"><span class='ocrx_word' id='word_1_255' title='bbox 76 3345 145 3415; x_wconf 66' lang='grc' dir='ltr'><em>τήν]</em></span> <span class='ocrx_word' id='word_1_256' title='bbox 167 3361 219 3400; x_wconf 86' lang='lat' dir='ltr'><strong>om.</strong></span> <span class='ocrx_word' id='word_1_257' title='bbox 243 3343 337 3413; x_wconf 66' lang='grc' dir='ltr'><em>ἴαλρ.</em></span> <span class='ocrx_word' id='word_1_258' title='bbox 428 3344 470 3414; x_wconf 88' lang='grc' dir='ltr'><em>Λ]</em></span> <span class='ocrx_word' id='word_1_259' title='bbox 493 3348 515 3396; x_wconf 88' lang='grc' dir='ltr'><em>Α</em></span> <span class='ocrx_word' id='word_1_260' title='bbox 538 3342 603 3398; x_wconf 91' lang='grc' dir='ltr'><em>Ρ1λ,</em></span> <span class='ocrx_word' id='word_1_261' title='bbox 694 3350 734 3398; x_wconf 84' lang='grc'><em>19.</em></span> <span class='ocrx_word' id='word_1_262' title='bbox 761 3344 822 3415; x_wconf 89' lang='grc' dir='ltr'><em>ΓΔ]</em></span> <span class='ocrx_word' id='word_1_263' title='bbox 845 3360 925 3399; x_wconf 78' lang='grc' dir='ltr'><em>οαοο.</em></span> <span class='ocrx_word' id='word_1_264' title='bbox 950 3344 969 3414; x_wconf 86' lang='lat' dir='ltr'><em>l,</em></span> <span class='ocrx_word' id='word_1_265' title='bbox 998 3362 1050 3401; x_wconf 89' lang='lat' dir='ltr'><strong>om.</strong></span> <span class='ocrx_word' id='word_1_266' title='bbox 1068 3366 1090 3413; x_wconf 86' lang='grc' dir='ltr'><em>ρ.</em></span> 
     </span>
     <span class='ocr_line' id='line_1_31' title="bbox 99 3414 1092 3490; baseline 0.001 -23"><span class='ocrx_word' id='word_1_267' title='bbox 99 3422 144 3470; x_wconf 74' lang='lat'><strong>22.</strong></span> <span class='ocrx_word' id='word_1_268' title='bbox 168 3417 208 3479; x_wconf 79' lang='grc' dir='ltr'><em>ώς</em></span> <span class='ocrx_word' id='word_1_269' title='bbox 223 3419 288 3490; x_wconf 80' lang='lat' dir='ltr'><strong>(pr.)</strong></span> <span class='ocrx_word' id='word_1_270' title='bbox 309 3451 343 3459; x_wconf 93' lang='lat'><em>-</em></span> <span class='ocrx_word' id='word_1_271' title='bbox 364 3420 409 3473; x_wconf 79' lang='lat'><strong>23.</strong></span> <span class='ocrx_word' id='word_1_272' title='bbox 429 3415 469 3490; x_wconf 76' lang='lat' dir='ltr'><em>A]</em></span> <span class='ocrx_word' id='word_1_273' title='bbox 489 3414 538 3470; x_wconf 73' lang='lat' dir='ltr'><em>hie</em></span> <span class='ocrx_word' id='word_1_274' title='bbox 558 3431 611 3470; x_wconf 76' lang='lat' dir='ltr'><strong>om.</strong></span> <span class='ocrx_word' id='word_1_275' title='bbox 628 3418 659 3486; x_wconf 72' lang='grc' dir='ltr'><em>λῚ</em></span> <span class='ocrx_word' id='word_1_276' title='bbox 679 3416 731 3470; x_wconf 61' lang='lat' dir='ltr'><em>sed</em></span> <span class='ocrx_word' id='word_1_277' title='bbox 745 3414 833 3468; x_wconf 70' lang='lat' dir='ltr'><strong>habet</strong></span> <span class='ocrx_word' id='word_1_278' title='bbox 850 3418 915 3483; x_wconf 67' lang='lat' dir='ltr'>posb</span> <span class='ocrx_word' id='word_1_279' title='bbox 933 3417 1092 3486; x_wconf 78' lang='grc' dir='ltr'><em>θεωρήματι</em></span> 
     </span>
    </p>
   </div>
   <div class='ocr_carea' id='block_1_5' title="bbox 0 0 1185 3818">
    <p class='ocr_par' dir='ltr' id='par_1_5' title="bbox 0 0 1185 3818">
     <span class='ocr_line' id='line_1_32' title="bbox 0 0 1185 3818; baseline 0 0"><span class='ocrx_word' id='word_1_280' title='bbox 0 0 1185 3818; x_wconf 95' lang='lat' dir='ltr'><em> </em></span> 
     </span>
    </p>
   </div>
  </div>
 </body>
</html>
