2356 3818
125 136 188 201 176
527 135 732 189 ιειοκεαι.

124 281 161 344 αλ
187 284 260 361 BA,
279 283 353 343 AF.
401 277 469 344 έπελ
496 277 601 343 δοθέν
628 278 718 343 ἐστιν
746 275 904 362 ἑκάτερον
934 288 1000 343 τῶν
1027 280 1071 360 Β,
1088 281 1124 360 A,

123 385 217 450 θέσει
249 388 313 470 ἅμα
346 384 435 449 έστλν
467 385 487 467 η
516 389 586 448 BA.
645 382 702 448 καλ
729 381 799 448 ἐπεὶ
828 382 968 449 δοθεῖσά
1000 381 1129 465 ἐστινὴ

123 492 188 556 ὑπὸ
222 503 288 556 τῶν
321 494 430 555 ΒΑΓ
462 495 582 574 γωνία,
624 491 763 554 δοθεῖσα
794 491 860 575 ἄρα
894 487 984 555 ἐστὶν
1020 488 1041 572 ἡ
1074 488 1130 554 ὑπὸ

125 602 187 661 BA
194 601 228 661 F.
294 595 362 662 ἐπεὶ
400 592 462 662 οὖν
494 598 577 681 πρὸς
608 594 702 660 θέσει
739 595 856 682 εὐθείᾳ
891 592 949 659 καὶ
980 603 1027 682 τῷ
1059 595 1131 680 πρὸς

89 704 207 787 οαύτῖγ
241 706 362 790 σημείῳ
396 712 441 789 τῷ
470 708 504 766 A
535 702 651 766 εὐθεῖα
683 695 779 782 ἦκται
810 699 831 783 ἡ
858 703 932 765 AF
959 699 1133 785 δεδομένην

123 819 265 873 ποιοῦσα
284 812 410 891 γωνίαν
429 810 490 891 τὴν
508 807 573 872 ὑπὸ
592 816 660 871 τῶν
675 811 739 871 BA
746 810 783 890 F,
807 807 949 871 δοθεῖσα
968 808 1036 893 ἄρα
1054 804 1134 871 ἐστὶν

126 915 146 1009 ἡ
169 919 239 980 AF
257 925 297 1000 τῇ
320 913 427 979 θέσει·
450 911 545 978 θέσει
568 909 604 976 δὲ
628 910 744 988 δοθεὶς
765 909 821 976 καὶ
843 911 861 978 δ
881 916 991 977 ΑΒΓ
1009 914 1135 988 κύκλος·
1167 994 1170 1007 Ι

128 1017 232 1085 δοθὲν
256 1023 320 1105 ἄρα
344 1018 411 1085 ε’στὶ
435 1021 472 1098 τὸ
499 1022 531 1084 Γ
549 1030 692 1102 σημεῖον.
1167 1026 1170 1101 λ

609 1235 653 1295 q.

73 1352 106 1400 10
190 1336 265 1400 Ἐὰν
293 1336 356 1401 ἀπὸ
386 1334 567 1420 δεδομένον
596 1338 733 1419 σημείου
758 1334 852 1400 θέσει
876 1335 1065 1419 δεδομένου
1087 1337 1136 1400 κύ
1166 1336 1170 1407 i

128 1448 209 1507 κλον
234 1441 442 1526 ἐφαπτομένη
466 1442 582 1506 εὐθεῖα
606 1441 709 1526 ἀχθῇ,
734 1439 866 1505 δέδοται
891 1439 911 1523 ἡ
935 1440 1081 1525 ἀχθεῖσα
1102 1451 1135 1526 τῇ
1168 1428 1170 1469 ³

124 1550 217 1613 θέσει
240 1545 294 1611 καὶ
319 1557 363 1634 τῷ
388 1547 530 1631 μεγέθει.
1168 1548 1170 1593 i

192 1654 255 1718 ἀπὸ
279 1655 342 1738 γὰρ
363 1652 544 1738 δεδομένον
563 1656 700 1737 σημείου
719 1661 779 1717 τοῦ
795 1656 828 1718 Γ
843 1651 939 1718 θέσει
958 1652 1134 1739 δεδομένον
1167 1640 1170 1711 Ῑ

125 1761 249 1824 κύκλον
268 1769 328 1824 τοῦ
343 1766 375 1824 Α
381 1763 408 1822 Β
433 1758 642 1843 ἐφαπτομένη
663 1759 778 1823 εὐθεῖα
797 1760 891 1841 ἤχθω
912 1757 1026 1841 ἡΓΑ·
1050 1757 1132 1841 λέγω,
1166 1770 1170 1813 ⁴=

75 1880 107 1927 15
127 1866 177 1930 ὅτι
200 1866 220 1948 ἡ
246 1869 305 1929 FA
328 1867 443 1931 εὐθεῖα
467 1864 599 1931 δέδοται
623 1874 663 1951 τῇ
686 1863 781 1930 θέσει
803 1863 859 1929 καὶ
882 1874 929 1953 τῷ
952 1864 1095 1949 μεγέθει.

193 1973 343 2055 είλύφθω
374 1974 437 2056 γὰρ
465 1973 502 2036 τὸ
530 1969 670 2056 κέντρον
701 1981 760 2035 τοῦ
787 1972 912 2035 κύκλου
940 1972 980 2036 τὸ
1010 1978 1056 2055 A,
1085 1966 1131 2034 καλ
1166 2026 1170 2051 ,

127 2076 374 2160 ἐπεζεύχθωσαν
395 2079 432 2141 αί
448 2083 523 2159 AA,
537 2081 611 2141 AF.
650 2075 720 2142 ἐπεὶ
744 2075 848 2141 δοθέν
871 2075 962 2140 ἐστιν
987 2074 1131 2161 ἑκάτερον

125 2191 193 2244 τῶν
215 2188 258 2265 A,
278 2186 314 2265 F,
338 2184 477 2248 δοθεῖσα
500 2185 565 2267 ἄρα
589 2180 679 2248 ἐστὶν
702 2181 723 2265 ἡ
746 2186 820 2246 AF.
857 2184 917 2246 καί
937 2181 1030 2247 ἐστιν
1052 2181 1130 2267 ὀρθὴ

126 2287 145 2368 ἡ
170 2288 234 2351 ὑπὸ
258 2299 326 2352 τῶν
347 2297 414 2354 AA
421 2294 453 2353 F
470 2292 588 2372 γωνία·
616 2291 654 2354 τὸ
678 2290 743 2373 ἄρα
767 2285 820 2352 ἐπὶ
843 2297 902 2371 τῆς
924 2292 998 2352 AF
1015 2288 1129 2375 γραφύ

72 2408 107 2455 20
126 2416 226 2477 μενον
254 2393 449 2478 ἡμικύκλιον
475 2394 544 2478 ἥξει
572 2395 629 2458 διδι
656 2403 716 2459 τοῦ
744 2400 785 2459 Α.
840 2392 945 2477 ἡκέτω
971 2392 1028 2459 καλ
1055 2396 1128 2458 έστω

199 2557 220 2604 1.
241 2551 289 2605 καλ
309 2547 368 2604 έπεί
388 2569 412 2604 V.
487 2548 619 2618 ἑκάτερον
637 2551 705 2622 τῶν]
726 2548 843 2603 ἕκαστον
861 2558 911 2619 τῆς
930 2567 954 2604 a.
1028 2556 1051 2603 2.
1068 2548 1127 2601 Post

126 2627 174 2675 BA
193 2621 259 2674 inP
277 2622 325 2675 καλ
345 2621 404 2674 ἐπεὶ
423 2620 543 2674 δοθεῖσα
562 2621 636 2676 ἐστιν
655 2621 672 2690 ἡ
693 2626 741 2674 BA
760 2622 789 2673 et
804 2619 884 2673 uncis
904 2623 934 2674 et
951 2619 1060 2690 punctis
1078 2615 1122 2670 δελ

125 2711 160 2746 m.
183 2699 205 2746 1.
288 2689 353 2762 καί]
374 2708 426 2744 om.
447 2708 471 2744 a.
563 2697 586 2745 3.
611 2692 681 2745 Post
699 2688 787 2760 γωνία
805 2690 871 2744 hab.
891 2688 942 2745 καί
960 2690 1034 2746 ἐστιν
1050 2690 1123 2755 αὐτῆς

127 2765 209 2832 διπλῆ
228 2764 246 2833 ἡ
266 2764 320 2816 ὑπὸ
339 2771 388 2831 τῆς
408 2768 455 2815 BA
463 2766 489 2814 Γ
504 2779 528 2815 a.
615 2762 732 2832 ἡ(α1ῖ.)]
752 2761 800 2816 καλ
818 2761 836 2829 ἡ
856 2761 953 2816 Vat.v.
1038 2767 1060 2814 4.
1076 2766 1121 2811 τοι

127 2838 208 2885 ΒΔΓ
222 2835 304 2902 νεεδ,
327 2842 376 2902 τῆς
395 2838 443 2886 BA
451 2837 476 2885 F
491 2830 578 2901 γωνία
598 2849 623 2886 a.
714 2838 738 2885 6.
763 2833 864 2886 εὐθεῖα
882 2831 996 2901 γραμμή
1014 2848 1037 2885 a.
1065 2898 1069 2903 ,
1099 2832 1116 2879 6·

127 2904 194 2971 τῶν]
213 2911 262 2970 τῆς
281 2922 310 2970 ιι;
334 2904 404 2956 item
422 2903 470 2956 lin.
492 2908 533 2958 19.
612 2904 708 2975 BAF]
728 2907 807 2957 ΒΑΓ
822 2918 847 2955 a.
922 2905 1039 2958 δοθεῖσα
1054 2926 1083 2940 -
1099 2900 1115 2948 7-

126 2973 225 3093 m?
242 2989 293 3027 om.
306 2992 330 3028 ιι.
387 2981 410 3027 λ.
426 2974 494 3027 Post
506 2975 606 3035 κύκλος
620 2974 684 3027 add.
696 2971 785 3028 δοθὲν
796 2973 852 3040 ἄρα
863 2972 937 3028 έστλν
947 2974 965 3043 ἡ
975 2976 1040 3028 ΔΓ·
1053 2966 1114 3024 θέσει

127 3039 157 3093 δὲ
173 3062 209 3093 κα
234 3042 264 3096 τὸ
280 3048 363 3097 ΑΒΓ
373 3045 472 3106 κύκλος
487 3048 596 3113 (comp.)
607 3061 631 3098 ιι.
688 3049 711 3098 8.
727 3044 796 3098 Post
805 3053 921 3113 σημεῖον
936 3044 988 3098 del.
1000 3038 1110 3108 Βπερλδο

127 3112 217 3176 δεῖξαι
231 3131 266 3165 m.
279 3115 376 3167 [vat.
432 3122 456 3170 9.
477 3116 521 3239 (γ’)
542 3116 682 3185 qa'Vat,
702 3114 778 3182 edd.;
797 3115 940 3186 σθ’βίει),
996 3120 1034 3168 10.
1051 3109 1109 3165 δεῖν
1160 3110 1169 3151 ἓ

127 3180 225 3254 μένου]
250 3200 302 3237 om.
323 3186 347 3254 β.
440 3191 480 3240 11,
520 3183 697 3257 φαπτομένη]
722 3207 769 3255 -ης
786 3184 967 3255 περιφερείας
988 3186 1011 3256 β.
1078 3178 1106 3231 1&
1158 3196 1169 3257 j

126 3252 240 3322 σημείου
261 3286 293 3294 -
313 3252 480 3327 δεδομένον]
501 3274 554 3312 om.
574 3275 598 3310 a.
678 3263 718 3311 14.
743 3258 844 3311 εὐθεῖα
862 3255 975 3326 γραμμή
992 3272 1015 3309 a.
1077 3248 1104 3299 ¹⁶·

127 3326 240 3396 εὐθεῖα]
261 3341 313 3379 om.
334 3342 359 3378 a.
447 3333 488 3380 16.
508 3335 557 3380 τοῦ
576 3328 691 3398 κύκλον]
714 3343 767 3380 om.
787 3344 812 3381 a.
898 3333 939 3383 18.
958 3325 1064 3451 τῶνχτῆ
1155 3344 1169 3357 ··

143 3403 208 3521 ἑ20,
232 3397 409 3467 ἡμικύκλιον]
435 3414 502 3451 corr.
528 3413 561 3450 ex
584 3399 687 3452 κύκλον
709 3415 745 3452 m.
766 3404 781 3450 2
806 3398 872 3452 Vat.
967 3397 1001 3467 ἡκ

124 3472 218 3537 χσθω
236 3485 261 3522 a.
