2356 3818
560 174 664 226 DATA
1052 173 1116 237 135

85 309 249 397 reliquus
269 317 407 391 [ΔΚΓ
419 316 513 380 datus
533 321 583 381 est
603 315 641 402 [1,
655 318 710 403 323
728 341 841 403 propp.
856 317 915 403 lH,
930 315 1000 402 IVJ.
1034 340 1113 404 ergo

89 411 130 482 Δ
144 423 224 484 ΑΚ
227 422 362 486 I'datus
373 426 422 486 ert
432 423 537 505 speeie
549 423 651 506 [prop.
657 423 738 507 XL}
754 447 851 507 quare
861 423 945 488 ratio
956 427 1038 487 AF:
1051 428 1117 488 ΓΚ

89 517 186 590 data
198 531 247 591 est
262 527 337 612 [def.
348 527 391 611 3].
421 550 534 592 uerum
548 528 633 593 ratio
648 532 719 593 ΑΓ
728 553 735 592 :
745 534 808 593 ΕΖ
828 529 904 592 data
918 534 975 593 est.
1004 529 1113 613 itaque

92 627 208 696 etiam
220 633 304 697 ratio
321 636 388 697 ΓΚ
393 656 401 696 :
411 638 443 698 Ε
447 639 474 697 Ζ
493 635 569 698 data
583 639 633 699 est
647 635 750 718 [prop.
762 633 862 718 vm}
885 657 998 699 uerum
1013 634 1112 700 etiam

93 736 192 801 ratio
224 743 283 803 ΓΒ
303 762 311 803 :
331 744 403 804 ΖΗ
430 739 506 806 data
537 745 601 825 est,
637 746 670 805 et
701 746 751 805 est
783 744 920 816 [,ΚΓΒ
941 772 981 793 ==
1001 745 1112 806 ΕΖΗ.

96 855 205 917 quare
232 845 317 909 ratio
347 849 405 911 ΓΛ
419 869 426 909 :
442 851 506 910 ΖΘ
533 847 608 911 data
637 852 687 911 est
720 848 791 931 [per
817 846 958 931 priorem
985 853 1112 930 partem

95 936 203 1012 huius
220 950 335 1034 prop.].
372 957 421 1016 est
440 957 547 1017 antem
567 956 750 1018 FA=FA
775 951 812 1036 [I,
827 952 893 1036 35].
930 975 1008 1039 ergo
1026 954 1111 1018 ratio

34 1106 38 1117 .
96 1046 268 1119 ΓΔεΖΘ
290 1056 366 1120 data
388 1061 446 1121 est.

551 1216 665 1281 LXXI.

177 1335 209 1400 Si
226 1338 261 1402 in
278 1341 403 1404 duobus
422 1339 593 1426 triangulis
609 1340 714 1404 'latera
734 1342 868 1426 angulos
888 1347 944 1405 aut
959 1343 1110 1426 aequales

88 1441 158 1500 lut
187 1444 383 1532 inaequales,
411 1448 467 1512 sed
494 1447 601 1531 datos,
633 1448 936 1529 comprehendentia
962 1448 1047 1513 inter
1076 1472 1110 1514 se

34 1526 38 1645 i
85 1546 264 1617 rationem
284 1552 407 1617 habent
430 1554 554 1637 datam,
581 1552 680 1616 etiam
702 1537 770 1635 ipsi
788 1553 944 1638 trianguli
967 1554 1052 1618 inter
1075 1577 1109 1619 se

84 1651 264 1723 rationem
285 1659 408 1724 habent
431 1660 548 1723 datam.

175 1785 245 1829 nam
280 1765 316 1828 in
352 1766 528 1830 duobust
514 1765 685 1850 triangulis
723 1767 835 1849 ΑΒΓ,
861 1769 971 1829 ΔΕΘ
1006 1766 1053 1829 lat
1039 1769 1109 1830 tera

80 1869 240 1947 angulos
265 1873 306 1935 ad
324 1878 366 1956 A,
380 1878 413 1936 A
435 1871 523 1954 posit
524 1893 560 1935 os
584 1875 640 1934 aut
663 1871 812 1953 aequales
837 1875 892 1934 aut
917 1871 1110 1957 inaequales,

766 1977 821 2060 sed
867 1977 973 2062 datos,
1025 2000 1109 2044 eom·

765 2083 973 2167 prehendent
964 2107 996 2148 ra
1022 2083 1108 2149 inter

766 2212 799 2253 se
849 2190 1008 2254 rationem
1052 2191 1107 2256 ha-

686 2297 863 2420 &beant
849 2299 957 2362 ttda
943 2302 1029 2382 tam,

766 2402 808 2466 sit
840 2426 877 2466 ra
878 2403 925 2467 tio
954 2408 1033 2467 BA:
1044 2409 1107 2468 EA

765 2509 997 2592 dataitemque
1021 2510 1106 2573 ratio

766 2618 860 2679 AF:
879 2620 912 2677 A
924 2619 961 2678 Θ
1025 2615 1106 2700 dieo,

793 2721 891 2783 etiam
918 2743 955 2784 ra
955 2719 1077 2784 tionem

67 2789 108 2862 Δ
156 2830 281 2892 ABF:
300 2826 452 2895 ΔΕΔΘ
479 2828 588 2891 datam
615 2849 693 2892 esse.

173 2952 243 2998 narn
266 2933 488 3016 compleantur
509 2933 812 3018 parallelogramma
835 2936 915 3017 AH,
933 2937 966 2996 A
972 2938 1007 2997 Z

172 3035 232 3103 iam
252 3040 405 3124 quoniam
421 3040 457 3102 in
474 3041 600 3105 duobus
619 3024 928 3125 parallelogrammis
943 3045 1024 3127 AH,
1038 3048 1071 3106 A
1077 3048 1105 3107 Z

71 3107 204 3210 law,
217 3147 352 3232 angulos
365 3151 421 3209 aut
431 3147 579 3230 aequales
595 3169 635 3209 au
636 3145 852 3231 tinaequales,
867 3148 922 3211 sed
932 3093 1035 3233 datosi,
1049 3148 1105 3232 qui

75 3222 137 3296 ad
170 3256 206 3337 A,
223 3257 256 3316 A
278 3252 378 3338 positi
401 3258 476 3316 sunt
481 3251 821 3338 ,t'oomprehenden1a
843 3253 893 3316 int
894 3275 929 3316 er
952 3275 985 3317 se
1008 3254 1106 3316 ratio·

78 3340 323 3473 Qt
351 3359 405 3422 dat
391 3363 472 3443 tam,
504 3359 602 3422 etiam
629 3358 932 3444 parallelogramma
957 3359 1042 3422 inter
1070 3379 1105 3421 se

87 3520 90 3527 ’
176 3511 205 3568 ln
221 3514 266 3584 fig.
287 3514 346 3569 eod.
366 3515 385 3568 b
404 3512 541 3584 trianguli
560 3515 626 3568 sunt
644 3511 827 3584 aequilateri.
921 3581 923 3584 ⁴
