2356 3818
473 726 781 800 PRAEFATIO.

189 901 336 966 Euolidis
360 901 447 966 Data
472 905 646 986 postquam
673 900 797 985 primus
825 901 927 965 edidit
952 898 997 965 01.
1021 899 1134 984 Hardy

125 1008 273 1096 (Parisiis
290 1004 400 1093 1625),
419 1029 491 1071 oum
511 1008 627 1071 ceteris
642 1007 784 1071 eiusdem
800 1008 967 1092 scriptoris
983 1007 1133 1091 operibus

121 1137 187 1180 uno
214 1113 382 1179 uolumine
415 1113 657 1197 comprehendit
689 1113 771 1178 Dau.
800 1113 947 1200 Gregory
975 1110 1133 1200 (Oxoniae

125 1219 234 1309 1703).
272 1221 328 1285 sed
342 1242 445 1303 neque
465 1219 610 1284 subsidia
624 1220 745 1306 critica,
764 1221 882 1303 quibus
901 1224 1037 1304 uterque
1055 1241 1134 1283 usus

122 1333 187 1411 est,
214 1326 324 1412 magni
352 1326 553 1391 aestimanda
579 1348 683 1410 neque
712 1326 851 1392 editores
879 1327 943 1411 ipsi
971 1327 1012 1404 in,
1034 1326 1134 1410 serip-

125 1433 207 1497 turis
245 1433 392 1498 oodioum
429 1433 585 1519 eligendis
622 1433 747 1498 ratione
785 1438 818 1497 et
850 1433 904 1497 uia
938 1434 1157 1517 processisse·

124 1538 260 1622 putandi
293 1543 377 1603 sunt.
429 1541 546 1603 tertius
579 1540 619 1603 ad
650 1539 724 1603 illos
756 1538 852 1602 initio
884 1539 981 1603 huius
1014 1539 1135 1604 saeculi

126 1644 261 1709 aooessit
284 1644 480 1730 Poyrardus,
509 1645 564 1730 qui
592 1644 669 1709 lieet
696 1644 789 1709 laude
818 1645 934 1730 dignus
963 1646 1020 1728 sit,
1049 1645 1135 1729 quod

125 1752 296 1834 antiquum
324 1773 461 1835 eumque
488 1749 807 1834 praestantissimum
836 1751 978 1816 oodioem
1006 1757 1039 1816 et
1066 1774 1136 1837 rep·

123 1857 209 1942 perit
232 1862 265 1922 et
287 1858 327 1922 ad
346 1857 489 1922 Euclidis
508 1858 609 1921 uerba
626 1857 827 1922 restituenda
846 1857 1002 1943 adhibuit,
1025 1862 1136 1923 tamen

123 1964 171 2050 id,
199 1965 285 2050 quod
312 1965 542 2049 praestandum
571 1969 654 2049 erat,
682 1986 749 2028 non
775 1964 949 2048 praestitit.
994 1964 1136 2048 primurn

125 2071 212 2135 enirn
234 2071 333 2135 nimis
352 2071 470 2154 pendet
490 2093 509 2134 a
528 2069 696 2155 GregoriO,
719 2070 810 2136 ouius
828 2070 984 2136 iudioiurn
1004 2071 1135 2155 optimis

126 2178 246 2242 codicis
267 2177 318 2241 sui
337 2176 507 2261 seripturis
526 2177 638 2240 multis
654 2176 734 2242 loeis
753 2177 928 2262 praeferat,
951 2177 1031 2241 adde
1050 2179 1136 2261 quod

126 2283 267 2348 Theonis
290 2282 518 2359 recensionem
533 2305 599 2346 non
618 2283 722 2369 magis
741 2283 835 2347 nouit
856 2306 953 2366 quam
971 2283 1084 2367 Hardy
1103 2288 1136 2347 et

128 2389 319 2475 Gregorius3
346 2393 511 2473 postremo
535 2389 678 2454 oodioem
701 2389 794 2453 illum
816 2411 884 2454 non
906 2412 944 2454 ea
967 2389 1136 2475 diligentia

128 2496 275 2582 eontulit,
300 2517 396 2579 quam
418 2500 532 2559 nostra
555 2500 644 2560 aetas
668 2517 726 2560 suo
749 2495 818 2560 iure
841 2496 1008 2580 postulare
1030 2496 1137 2560 uidea-

126 2606 190 2668 tur.
222 2606 298 2686 post
314 2600 512 2686 Peyrardum
531 2606 640 2665 autem
658 2601 746 2666 Data
763 2603 925 2667 neminem
944 2603 1136 2667 inuenerunt

128 2709 295 2773 editorem.

196 2813 284 2890 Quae
304 2837 377 2879 oum
399 2814 447 2878 ita
465 2817 582 2899 essent,
605 2818 679 2878 ante
700 2814 808 2878 omnia
826 2815 859 2879 id
876 2814 957 2879 mihi
977 2814 1152 2900 agendum*

10 2914 12 2923 ¹
127 2943 198 2987 esse
227 2920 389 3006 adparuit,
420 2923 458 2983 ut
491 2941 529 2983 ex
557 2941 676 3005 magno
703 2942 838 2985 numero
862 2921 1021 3004 oodioum,
1055 2941 1136 3004 quos

128 3027 216 3095 adire
245 3027 326 3092 mihi
348 3026 455 3112 licuit,
482 3047 537 3090 eos
566 3026 753 3112 deligerem,
781 3027 836 3112 qui
864 3028 1002 3092 solidum
1026 3049 1062 3091 ao
1085 3028 1138 3090 fir-

128 3158 220 3199 mum
242 3132 439 3199 recensionis
463 3133 709 3197 fondamentum
732 3134 931 3217 praeberent.
968 3155 1032 3217 qua
1049 3132 1084 3197 in
1102 3155 1137 3197 re

127 3242 163 3306 id
186 3241 267 3306 mihi
290 3241 495 3325 propositum
522 3261 592 3304 esse
621 3239 745 3324 debuit,
776 3244 814 3303 ut
840 3240 906 3304 iam
935 3240 972 3304 de
996 3238 1137 3303 Theonis

131 3348 292 3433 scriptura
324 3370 397 3414 oum
428 3346 661 3431 probabilitate
692 3345 831 3429 quadam
856 3350 975 3427 posset
996 3343 1162 3404 iudanam.
