2356 3818
511 146 715 199 ΔΕΔΟΜΕΝΑ.

584 304 646 390 μί.

179 429 225 491 Τὰ
258 426 418 512 δεδομένα
451 429 673 514 εὐθύγραμμα
698 440 743 518 τῷ
774 431 855 495 εῖδει
887 432 936 507 είς
962 428 1122 515 δεδομένα

107 536 254 617 τρίγωνα
277 535 452 619 διαιρεῖται
476 546 521 624 τῷ
546 538 635 601 είδει.

174 641 256 703 ἔστω
276 639 456 725 δεδομένον
474 642 715 727 εὐθύγραμμον
728 651 773 731 τῷ
788 643 869 707 εῖδει
887 643 926 707 τὸ
941 644 1124 707 ΑΒΓΔΕ

75 759 90 808 ῖ
110 743 205 829 λέγω,
229 746 278 810 ὅτι
302 748 339 811 τὸ
358 751 529 813 ΑΒΓΔΕ
550 748 790 833 εὐθύγραμμον
809 750 856 825 είς
874 746 1043 832 δεδομένα
1061 751 1126 833 τρί·

106 875 198 934 γωνα
222 854 397 938 διαιρεῖται
420 864 466 942 τῷ
490 856 580 919 εῖδει.

174 957 422 1043 ἐπεζεύχθωσαν
450 961 512 1047 γὰρ
541 963 579 1026 αί
605 965 683 1044 BE,
703 963 772 1025 ΕΓ.
828 957 896 1024 ἐπεὶ
924 955 1064 1023 δέδοται
1091 959 1126 1022 τὸ

107 1067 278 1129 ΑΒΓΔΕ
299 1065 539 1152 εὐθύγραμμον
561 1077 606 1154 τῷ
632 1069 722 1150 είδει,
746 1068 886 1132 δοθεῖσα
908 1066 976 1151 ἄρα
996 1060 1127 1146 ἐστὶνὴ

106 1171 171 1236 ὑπὸ
201 1182 268 1235 τῶν
292 1175 390 1235 ΒΑΕ
417 1176 529 1254 γωνία.
580 1175 638 1236 καί
659 1171 728 1236 ἐστι
750 1174 848 1254 λόγος
870 1180 929 1254 τῆς
951 1175 1018 1235 ΒΛ
1047 1171 1128 1255 πρὸς

56 1291 90 1339 10
109 1280 170 1362 τὴν
193 1283 262 1341 ΕΑ
289 1278 412 1353 δοθείς.
464 1276 532 1342 ἐπεὶ
557 1274 619 1344 οὐν
642 1278 782 1343 δοθεῖσύ
805 1276 895 1342 ἐστιν
922 1274 943 1359 ἡ
966 1271 1038 1342 ὐπὸ
1061 1288 1129 1342 τῶν

108 1388 211 1448 ΒΑΕ
237 1385 342 1465 γωνία
373 1370 431 1447 τίαί
453 1383 520 1449 ἐστι
549 1388 648 1467 λόγος
674 1394 732 1468 τῆς
759 1388 825 1448 ΒΑ
857 1384 940 1468 πρὸς
966 1384 1034 1467 τὴν
1061 1387 1128 1447 ΕΑ

107 1491 236 1573 δοθείς,
260 1488 392 1554 δέδοται
416 1491 540 1576 ἄρατὸ
566 1495 664 1555 ΒΑΕ
685 1493 850 1576 τρίγωνον
873 1498 918 1577 τῷ
943 1489 1043 1552 εῖδει·
1071 1488 1126 1552 δο-

88 1602 208 1661 θεῖσα
231 1598 295 1682 ἄρα
320 1595 410 1661 ἐστὶν
433 1597 453 1681 ἡ
476 1596 541 1661 ὑπὸ
564 1609 632 1662 τῶν
651 1601 753 1661 ΑΒΕ
774 1599 888 1679 γωνία.
925 1597 995 1660 ἔστι
1016 1590 1056 1660 δὲ
1072 1592 1126 1659 καὶ

108 1703 167 1786 ὅλη
190 1701 210 1785 ἡ
234 1703 299 1767 ὑπὸ
323 1715 391 1768 τῶν
415 1706 519 1768 ΑΒΓ
544 1706 649 1785 γωνία
672 1704 826 1768 δοθεῖσα·
858 1699 913 1766 καὶ
936 1702 1039 1785 λοιπὴ
1063 1702 1126 1784 ἄρα

56 1821 89 1869 15
107 1807 127 1890 ἡ
156 1808 221 1874 ὑπὸ
249 1823 316 1875 τῶν
338 1812 442 1874 ΕΒΓ
464 1809 604 1874 δοθεῖσοί
632 1809 729 1874 ἐστιν.
775 1811 833 1872 καί
853 1806 922 1873 ἐστι
945 1808 1048 1888 λόγος
1070 1816 1125 1891 τῆς

108 1921 174 1980 ΑΒ
197 1918 280 2003 πρὸς
303 1919 364 2001 τὴν
387 1921 453 1981 ΒΕ
479 1918 607 2000 δοθείς,
635 1926 693 1999 τῆς
716 1913 753 1980 δὲ
776 1919 842 1979 ΑΒ
870 1914 954 1999 πρὸς
976 1915 1042 1997 τὴν
1065 1914 1129 1978 ΒΓ

108 2024 206 2104 λόγος
240 2021 307 2087 ἐστὶ
340 2024 467 2098 δοθείς·
504 2021 559 2086 καὶ
586 2032 644 2106 τῆς
671 2026 734 2086 ΕΒ
766 2023 830 2106 ἄρα
862 2021 946 2105 πρὸς
972 2020 1037 2102 τὴν
1064 2020 1129 2084 ΒΓ

108 2128 206 2208 λόγος
230 2125 297 2191 ἐστὶ
321 2129 443 2203 δοθείς.
481 2131 539 2192 καί
560 2113 628 2192 ε’στι
652 2128 793 2191 δοθεῖσα
816 2124 920 2209 ἡὺτιὸ
940 2135 1010 2189 τῶν
1031 2128 1126 2191 ΓΒΕ

108 2235 227 2314 γωνία·
251 2231 383 2297 δέδοται
406 2235 471 2319 ἄρα
494 2236 531 2298 τὸ
556 2237 653 2298 ΒΓΕ
674 2236 839 2319 τρίγωνον
861 2240 907 2319 τῷ
931 2231 1024 2296 εῖδει.
1070 2232 1125 2296 διὰ

56 2351 90 2399 20
109 2338 149 2402 τὰ
172 2337 256 2402 αὐτὰ
280 2340 321 2422 δὴ
349 2337 404 2403 καὶ
427 2341 464 2404 τὸ
489 2344 587 2404 ΓΑΕ
612 2342 777 2425 τρίγωνον
803 2346 849 2424 τῷ
873 2337 954 2401 εῖδει
978 2335 1124 2403 δέδοται·

108 2444 148 2507 τὰ
176 2445 240 2529 ἄρα
268 2444 428 2530 δεδομένα
456 2446 677 2530 εὐθύγραμμα
705 2454 750 2533 τῷ
779 2445 859 2508 εῖδει
887 2445 934 2519 είς
963 2442 1125 2529 δεδομένα

108 2553 253 2636 τρίγωνα
276 2553 452 2638 διαιρεῖται
476 2562 521 2640 τῷ
546 2553 635 2615 είδει.

584 2768 627 2827 μη
645 2793 652 2808 ·

174 2867 253 2934 Ἐὰν
272 2869 335 2934 ἀπὸ
355 2880 412 2953 τῆς
430 2869 532 2952 αὐτῆς
550 2867 684 2944 εὐθείας
702 2869 764 2932 δύο
783 2870 930 2952 τρίγωνα
948 2867 1127 2953 ἀναγραφῇ

57 2984 91 3035 26
110 2973 270 3058 δεδομένα
293 2985 338 3062 τῷ
363 2975 453 3058 εῖδει,
477 2977 579 3056 λόγον
601 2972 664 3052 ἔξει
688 2975 771 3059 πρὸς
791 2975 917 3056 ἄλληλα
935 2974 1126 3059 δεδομένον.

177 3079 241 3145 ἀπὸ
269 3081 332 3165 γὰρ
355 3090 413 3164 τῆς
436 3081 538 3164 αὐτῆς
561 3079 694 3157 εὐθείας
717 3089 775 3164 τῆς
797 3083 864 3143 AB
893 3079 956 3143 δύο
979 3084 1126 3166 τρίγωνα

108 3206 322 3219 ...-—--

180 3278 205 3327 2.
226 3271 266 3335 εἰς
285 3268 423 3339 δεδομένα
442 3276 479 3343 τῷ
499 3269 568 3325 εἴδει
586 3269 707 3341 τρίγωνα
727 3272 877 3338 διαιρεῖται
894 3269 922 3338 b,
942 3269 1012 3325 item
1031 3268 1080 3326 lim
1100 3275 1122 3325 ὅ.

146 3346 244 3399 ‘LBE
278 3341 403 3396 ABEb.
478 3347 519 3396 10.
541 3340 944 3414 ΕΑ]ΑΕ1),ίῖοη11ἰιι.11.
1019 3339 1122 3395 ἐντεί-

110 3420 153 3475 18.
173 3414 283 3485 δοθες]
307 3411 402 3468 neseio
426 3430 463 3467 an
485 3412 657 3483 interpolata
681 3412 745 3467 sint.
822 3417 862 3467 13.
888 3410 961 3467 ἔστιν
981 3429 1007 3467 v.
1081 3415 1118 3465 1⁶.

108 3486 177 3558 τῶν]
192 3502 245 3541 om.
255 3484 282 3540 b.
357 3483 442 3557 ἐστιν]
462 3483 518 3539 ἐστι
536 3488 570 3539 vs
637 3490 678 3539 17.
699 3484 763 3555 ΕΒ]
784 3487 834 3537 ΓΒ
852 3482 879 3536 b.
948 3482 1013 3555 τήν]
1032 3480 1118 3538 omb.
