2356 3818
117 137 184 201 212
437 197 439 202 ,
536 137 725 189 mum.

119 285 222 347 ΑΓΕ
243 279 383 344 δοδεϊσολ
407 278 510 345 ἐστιν·
541 278 674 344 δέδοται
696 280 761 364 ἄρα
782 278 820 342 τὸ
843 279 951 343 ΑΕΓ
971 278 1134 362 τρίγωνον

121 396 167 474 τῷ
195 386 284 451 εἴδει.
330 389 429 468 λόγος
456 387 521 472 ἄρα
550 395 608 469 τῆς
637 389 697 450 ΓΑ
723 385 807 471 πρὸς
833 385 896 467 τὴν
917 387 989 448 ΑΕ
1013 383 1133 464 δοθείς,

121 489 270 557 τουτέστι
298 494 381 578 πρὸς
403 494 465 577 τὴν
488 497 567 557 AZ·
601 493 683 557 ὥστε
710 489 766 556 καὶ
792 498 851 575 τῆς
872 492 945 554 ΑΓ
966 490 1053 574 πρὸς
1078 489 1132 572 τδγ

123 603 184 664 ΓΖ
217 601 315 681 λόγος
343 596 412 664 ἐστὶ
444 600 567 674 δοθείς.
620 606 679 682 τῆς
711 593 749 662 δὲ
775 600 847 661 ΑΓ
871 597 957 682 πρὸς
987 597 1052 680 τὴν
1078 597 1132 660 ΓΕ

88 716 104 764 ο
123 707 222 786 λόγος
240 702 310 769 ἐστὶ
328 704 455 779 δοθείς·
474 700 530 768 ναὶ
548 712 607 787 τῆς
619 706 688 768 ΕΓ
701 704 766 789 ἄρα
783 703 867 788 πρὸς
884 702 947 784 τὴν
962 704 1025 766 ΓΖ
1043 703 1129 783 λόγος

123 809 193 876 ἐστὶ
216 811 344 885 δοθείς·
369 810 452 875 ὥστε
474 807 530 874 καὶ
553 817 613 873 τοῦ
635 808 701 874 ὑπὸ
724 819 793 874 τῶν
814 811 887 890 ΕΓ,
905 810 974 871 AB
995 807 1081 893 πρὸς
1098 806 1128 870 τό

122 917 188 982 ὑπὸ
212 926 279 981 τῶν
300 918 371 998 ΓΖ,
385 918 452 978 AB
475 917 573 996 λόγος
592 912 662 979 ἐστὶ
680 914 803 989 δοθείς.
840 920 901 977 τοῦ
924 908 963 977 δὲ
983 911 1051 977 ὑπὸ
1072 921 1126 976 τόν

124 1026 201 1106 AB,
222 1023 286 1086 ΓΕ
310 1021 394 1105 πρὸς
416 1022 454 1085 τὸ
477 1024 544 1085 AB
551 1021 583 1084 Γ
605 1023 770 1106 τρίγωνον
798 1022 897 1102 λόγος
919 1016 991 1083 ἐστὶ
1013 1020 1126 1094 δοδείς

125 1130 208 1194 ὥστε
237 1125 292 1193 καὶ
319 1135 379 1191 τοῦ
407 1124 459 1202 δὶς
484 1122 550 1191 {Ab
576 1130 650 1211 ΓΖ,
670 1130 733 1190 BA
763 1126 848 1212 πρὸς
873 1127 911 1190 τὸ
939 1127 1047 1190 ΑΒΓ
1070 1124 1126 1209 τρί-

74 1245 108 1295 10
126 1257 237 1317 γωνον
265 1235 363 1316 λόγος
391 1228 460 1296 ἐστὶ
488 1232 611 1307 δοθείς.
656 1236 716 1297 καί
738 1231 808 1298 ἐστι
833 1233 871 1297 τὸ
900 1229 954 1307 δὶς
979 1230 1047 1296 ὑπὸ
1070 1238 1125 1294 τῶν

127 1343 198 1422 ΖΓ,
214 1342 285 1422 BA,
305 1332 331 1426 ᾧ
349 1340 460 1422 μεῖζόν
479 1337 548 1403 ἐστι
566 1339 604 1402 τὸ
624 1337 688 1403 ἀπὸ
704 1335 960 1424 συναμφοτέρου
973 1344 1032 1421 τῆς
1046 1335 1130 1401 ΒΑΓ
1166 1410 1168 1415 ,

125 1451 185 1509 τοῦ
210 1443 273 1509 ἀπὸ
292 1454 350 1528 τῆς
368 1447 447 1508 ΒΓ·
472 1436 582 1530 Aba
599 1447 710 1527 μεῖζόν
729 1443 799 1509 ἐστι
821 1446 858 1509 τὸ
881 1443 946 1508 ἀπὸ
970 1459 1126 1527 σνναμφο
1165 1468 1168 1527 ,

125 1549 223 1636 τέρον
251 1559 309 1634 τῆς
332 1553 395 1614 BA
401 1551 434 1614 Γ
460 1556 520 1614 τοῦ
548 1548 612 1614 ἀπὸ
637 1559 695 1634 τῆς
718 1554 794 1634 ΒΓ,
827 1548 934 1614 ἐκεῖνο
956 1550 995 1614 τὸ
1018 1550 1126 1634 χωρίον
1165 1532 1168 1561 ¹

125 1657 209 1741 πρὸς
231 1657 268 1720 τὸ
291 1658 457 1742 τρίγωνον
480 1657 581 1738 λόγον
604 1658 669 1739 ἔχει
693 1653 881 1740 δεδομένον.

76 1842 109 1890 15
610 1831 660 1896 15.

473 1935 525 2001 Ad
549 1959 640 2022 prop.
663 1937 794 2040 LXVII.

551 2059 706 2138 ’Ἁλλως

195 2185 338 2266 Διήχθω
361 2182 381 2266 ἡ
407 2187 469 2248 BA
496 2181 550 2249 ἐπὶ
572 2186 610 2249 τὸ
634 2189 683 2268 A,
714 2183 770 2249 καὶ
790 2186 915 2250 κείσθω
939 2193 981 2309 τῇ
1005 2186 1065 2249 ΓΑ
1087 2187 1132 2263 ἴση

129 2288 251 2371 ἡΑΛ,
274 2286 369 2352 ταδ’
353 2290 537 2373 επεζεόχδω
561 2290 581 2374 ἡ
604 2294 681 2356 ΛΓ.

76 2405 111 2455 2ο
198 2392 266 2458 ἐπεὶ
295 2390 357 2460 οὗν
385 2395 524 2461 δοθεϊσό
552 2395 642 2461 ἐστιν
669 2396 733 2480 ἡ“
716 2398 782 2462 νπὸ
810 2399 911 2461 ΒΑΓ
937 2397 1059 2479 γωνία,
1089 2392 1136 2458 καί

122 2498 221 2565 Ιἐστιν
253 2500 355 2585 αὐτῆς
386 2500 517 2585 ἡμίσεια
549 2499 684 2588 ἑκατέρα
716 2513 784 2568 τῶν
809 2502 875 2568 ὑπὸ
902 2506 970 2567 ΑΔ
976 2504 1014 2585 Γ,
1037 2501 1135 2580 ΑΓΔ,

129 2607 272 2672 δοθεῖσα
295 2607 360 2692 ἄρα
383 2605 474 2671 ἐστὶν
493 2605 628 2694 ἑκατέρα
648 2617 716 2672 τῶν
733 2607 799 2672 ὑπὸ
817 2617 885 2672 τῶν
903 2611 972 2672 ΑΔ
977 2610 1016 2692 Γ,
1034 2609 1135 2673 ΑΓΔ·

131 2710 188 2777 καὶ
221 2714 318 2795 λοιπὴ
347 2713 411 2798 ἄρα
438 2713 459 2796 ἡ
486 2713 552 2778 ὑπὸ
575 2719 642 2778 AA
649 2717 681 2778 Γ
707 2713 848 2778 δοδεῖσά
875 2712 980 2778 ἐστιν·
1013 2711 1135 2778 δέδοται

131 2817 197 2904 ἄρα
219 2820 256 2883 τὸ
279 2824 312 2882 A
319 2821 379 2883 ΓΔ
401 2821 566 2904 τρίγωνον
589 2828 634 2906 τῷ
658 2818 753 2883 εῖδει·
785 2819 884 2899 λόγος
910 2819 976 2903 ἄρα
1001 2827 1061 2903 τῆς
1082 2814 1139 2884 ΑΓ

79 2932 114 2985 2ο
132 2924 216 3009 πρὸς
238 2925 300 3006 τὴν
324 2927 384 2988 ΓΔ
411 2924 534 3002 δοθείς.
579 2921 635 2989 καὶ
663 2922 733 2989 ἐπεὶ
760 2923 900 2990 δοθεϊσολ
922 2923 1016 2990 ἐστιν
1039 2925 1061 3010 ἡ
1081 2920 1135 2989 διὸ

131 3032 199 3092 AA
205 3031 238 3092 Γ
232 3033 416 3113 ,κατήχδοο
435 3030 519 3116 αὐτῇ
534 3036 588 3113 ἴση
603 3027 739 3116 ἑκατέρα
751 3039 819 3095 τῶν
831 3029 897 3095 ὑπὸ
911 3033 945 3094 Δ
950 3033 1025 3114 ΕΓ,
1040 3036 1073 3096 Α
1079 3026 1136 3094 ΖΓ.

204 3186 586 3273 1.ArE]AE1'P‚c0vv
604 3184 737 3240 ArEb
828 3183 1042 3257 Aquam)
1117 3187 1137 3236 α

131 3253 202 3320 πρὸς
219 3253 271 3322 τήν
286 3256 360 3327 (pr.)]
379 3256 474 3325 τῆςὶ).
564 3261 589 3309 4
611 3257 674 3337 ΓΖ]
696 3259 751 3311 ΖΓ
764 3273 790 3310 v.
869 3262 973 3324 τῆς-
993 3260 1018 3311 ό.
1038 3250 1136 3323 δοθέν]

131 3322 179 3378 hie
202 3340 255 3378 om
275 3325 307 3393 b·
336 3325 400 3380 add.
424 3329 489 3396 post
511 3323 610 3388 δοθελς
632 3326 682 3381 lin
706 3331 731 3381 8.
823 3330 847 3380 9.
874 3324 943 3407 δτό]
967 3326 1025 3382 baa
1048 3323 1137 3383 mh

168 3400 218 3448 BA
250 3401 301 3450 AB
319 3344 443 3452 Vabvb.
515 3403 556 3451 11.
579 3401 634 3450 ΖΓ
671 3400 723 3451 ΓΖ
740 3396 806 3452 Vab.
821 3397 900 3465 (mut.
915 3395 1137 3467 inzrnnJv.

164 3470 218 3520 BA
256 3471 308 3523 AB
331 3466 382 3524 vb.
473 3473 516 3523 12.
541 3398 651 3540 μεῖζονό
669 3483 738 3522 oon
758 3483 793 3522 ex
815 3464 900 3536 μέσον
918 3484 956 3523 m.
976 3473 1046 3525 ἓν.
