2356 3818
121 151 185 214 120
524 152 728 204 ΔΕΔΟΜΕΝΑ.

119 296 245 381 πλευρὰ
268 306 336 359 τῶν
358 296 419 378 την
443 292 552 371 ὀξεῖαν
575 297 701 376 γωνίαν
724 258 951 379 περιεχουσῶν
971 298 1094 378 πλευρόν

120 402 226 466 ἐκεῖνο
240 402 277 465 τὸ
287 404 411 486 χωρίον
425 402 508 486 πρὸς
522 400 559 464 τὸ
573 404 738 485 τρίγωνον
753 401 855 482 λόγον
869 398 933 477 ἔξω
947 397 1094 484 δεδομένα

188 511 269 572 ἔστω
298 511 462 589 τρίγωνον
495 504 680 588 ὀξυγώνιον
710 507 747 570 τὸ
775 510 891 590 ΑΒΓ,
923 504 1031 584 ὀξεῖαν
1055 509 1094 589 έχ(

122 618 248 696 γωνίαν
271 612 453 697 δεδομένην
475 615 536 697 την
559 612 624 677 ὑπὸ
647 623 715 677 τῶν
737 615 848 695 ΑΒΓ,
873 611 929 676 καὶ
954 613 1044 697 ἤχθω
1066 611 1094 675 οἰι

87 739 102 786 5
121 729 181 784 τοῦ
200 726 232 784 Α
256 719 308 784 ἐπὶ
331 721 392 804 τὴν
410 723 478 784 ΒΓ
495 719 636 794 κάθετος
654 718 674 801 ἡ
694 724 773 783 ΑΔ·
796 716 894 802 λέγω,
917 718 979 800 ὅτι,
998 711 1024 805 ᾧ
1041 720 1094 782 ἔλα

122 830 184 891 σόν
207 826 275 891 ε’στι
293 827 330 890 τὸ
349 825 413 890 οάτὸ
434 833 492 907 τῆς
510 829 543 888 Α
549 828 581 889 Γ
598 835 666 889 τῶν
684 824 748 889 ἀπὸ
768 835 835 888 τῶν
854 828 932 907 ΑΒ,
947 827 1019 908 ΒΓ,
1042 846 1094 888 του

123 932 191 998 έστι
214 934 251 997 τὸ
271 930 323 1007 δὶς
341 931 406 995 ὑπὸ
425 941 493 995 τῶν
512 934 584 1013 ΓΒ,
600 934 663 995 BA
685 931 769 1015 πρὸς
791 931 828 994 τὸ
847 933 955 995 ΑΒΓ
972 935 1094 1015 τρίγωνι

123 1042 224 1120 λόγον
247 1041 312 1122 ἔχει
336 1036 525 1121 δεδομένον.

191 1142 260 1207 ἐπεὶ
287 1145 349 1228 γὰρ
378 1143 517 1207 δοθεῖσα
545 1142 634 1206 ἐστιν
662 1143 682 1226 ἡ
709 1142 774 1206 ὑπὸ
802 1153 870 1207 τῶν
893 1147 995 1206 ΑΒΔ
1021 1151 1094 1224 γωνί

71 1269 105 1316 10
124 1253 192 1314 ἔστι
216 1246 253 1312 δέ
276 1248 331 1312 καὶ
355 1249 375 1332 η
397 1249 462 1312 ὑπὸ
486 1260 553 1313 τῶν
576 1253 676 1312 ΑΔΒ
700 1249 850 1331 δοθεῖσα,
872 1245 929 1312 καὶ
953 1249 1048 1331 λοιπη
1070 1249 1094 1324 όι

123 1355 144 1437 ἡ
167 1355 232 1419 ὑπὸ
249 1365 323 1419 τῶν
346 1359 443 1419 ΒΑΔ
466 1355 534 1419 ἐστι
558 1356 711 1419 δοθεῖσα·
735 1353 868 1418 δέδοται
891 1356 956 1439 ίίρα
979 1356 1015 1419 τὸ
1036 1357 1094 1418 ΑΒ

124 1464 290 1546 τρίγωνον
313 1469 358 1547 τῷ
382 1461 476 1524 είδει·
505 1462 603 1542 λόγος
626 1462 690 1545 ἄρα
713 1468 771 1543 τῆς
794 1464 858 1524 ΒΔ
880 1461 965 1546 πρὸς
988 1462 1048 1544 τὴν
1068 1465 1094 1523 Δ

125 1568 252 1642 δοθείς·
286 1567 369 1630 ὥστε
400 1564 456 1630 καὶ
487 1575 547 1630 τοῦ
574 1567 640 1631 ὑπὸ
668 1577 736 1630 τῶν
763 1568 860 1631 ΓΒΔ
892 1567 976 1652 πρὸς
1006 1568 1043 1631 τὸ
1069 1565 1094 1630 λα

125 1686 194 1739 τῶν
213 1677 285 1757 ΓΒ,
305 1679 371 1737 ΑΔ
394 1676 492 1754 λόγος
515 1671 583 1736 ἐστὶ
608 1673 735 1748 δεθείς·
759 1669 814 1736 καὶ
836 1681 897 1737 τοῦ
917 1671 971 1749 δὶς
988 1672 1052 1737 ὑπὸ
1068 1682 1094 1735 τί

73 1796 106 1846 15
126 1784 202 1864 ΓΒ,
221 1785 284 1844 ΒΔ
312 1781 384 1865 ἄρα.
430 1778 514 1843 ιἰλλδι
541 1788 601 1842 τοῦ
628 1779 694 1843 ὑπὸ
717 1790 784 1843 τῶν
806 1782 880 1862 ΒΓ,
900 1784 967 1843 ΑΔ
993 1779 1073 1864 πρὸς

126 1890 231 1951 ΑΒΓ
245 1888 343 1967 λόγος
362 1883 430 1949 ἐστὶ
449 1885 577 1959 δοθείς·
601 1881 734 1947 καὶτοῦ
754 1881 806 1959 δὶς
824 1884 889 1948 ὑπὸ
909 1896 977 1949 τῶν
992 1887 1094 1968 ΓΒ,Β

127 1994 191 2077 ἄρα
213 1994 296 2077 πρὸς
318 1993 356 2055 τὸ
379 1994 484 2055 ΑΒΓ
507 1995 673 2074 τρίγωνον
701 1993 799 2072 λόγος
822 1988 891 2054 ἐστὶ
915 1991 1039 2067 δοθείς.
1080 2013 1094 2054 ιι

128 2097 196 2162 ἐστι
220 2098 256 2161 τὸ
281 2096 333 2172 δὶς
355 2096 420 2161 ὑπὸ
445 2108 511 2161 τῶν
531 2100 603 2180 ΓΒ,
621 2101 694 2180 ΒΔ,
718 2089 745 2184 ᾧ
767 2099 908 2161 ἔλασσόν
927 2097 998 2161 ἐστι
1020 2097 1055 2161 τὸ
1074 2095 1094 2160 ολ

128 2212 185 2285 τῆς
208 2206 278 2267 ΑΓ
296 2213 364 2266 τῶν
388 2202 451 2266 ἀπὸ
475 2213 543 2267 τῶν
564 2207 641 2285 ΑΒ,
660 2205 741 2266 ΒΓ·
768 2195 795 2289 ᾧ
818 2204 883 2288 ἄρα
907 2206 1048 2268 ἔλασσόν
1070 2201 1094 2266 ἐι

75 2326 109 2374 20
129 2310 166 2373 τὸ
195 2308 258 2373 ἀπὸ
286 2317 344 2390 τῆς
371 2311 442 2372 ΑΓ
468 2320 536 2373 τῶν
568 2308 632 2373 ἀπὸ
659 2320 727 2373 τῶν
753 2314 830 2393 ΑΒ,
854 2313 931 2393 ΒΓ,
966 2310 1070 2375 ἐκεῖνο

128 2417 252 2499 χωρίον
270 2415 353 2499 πρὸς
371 2415 408 2478 τὸ
427 2418 533 2478 ΑΒΓ
550 2418 717 2500 τρίγωνον
741 2418 842 2496 λόγον
865 2417 932 2497 ἔχει
952 2413 1094 2500 δεδομένα

609 2553 669 2632 ἔτ’.
1058 2625 1062 2633 .

195 2661 270 2728 ’Βολν
293 2668 458 2748 τρίγωνον
481 2661 663 2745 δεδομένην
686 2665 742 2746 ἔχη
766 2665 902 2744 γωνίαν,
926 2665 963 2727 τὸ
987 2663 1052 2728 ὑπὸ
1073 2685 1094 2725 τι

129 2772 190 2854 την
228 2768 410 2853 δεδομένην
446 2771 573 2851 γωνίαν
604 2777 829 2852 περιεχουσῶν
861 2767 1006 2833 εὐθειῶν
1041 2768 1094 2854 ὀρθ

76 2888 111 2938 25
130 2877 254 2958 γώνιον
277 2876 360 2960 πρὸς
382 2875 419 2939 τὸ
443 2877 609 2959 τρίγωνον
632 2876 734 2955 λόγον
757 2876 822 2957 ἔχει
846 2872 1036 2957 δεδομένον.

205 3010 228 3057 1.
251 3005 319 3075 τῶν]
343 3012 398 3058 τῶν
417 3003 472 3057 ὑπὸ
490 3012 545 3057 τῶν
568 3002 596 3056 b.
688 3007 712 3056 ὅ.
737 3002 850 3057 ἔλαττον
869 3003 934 3057 Vat.
1026 3009 1050 3057 6.
1073 3002 1094 3056 ἐι

132 3074 252 3129 δαίνυται
270 3092 295 3127 v.
390 3071 525 3144 τουτέστι]
545 3090 598 3127 om.
619 3073 644 3127 b.
743 3079 766 3127 9.
788 3075 877 3145 ΑΒΔ]
896 3079 974 3128 ΑΔΒ
992 3092 1017 3128 τ.

131 3142 180 3200 ναί
194 3144 277 3216 (υΙλ.)]
297 3161 349 3198 om.
369 3145 433 3198 Vat.
517 3150 557 3197 11.
582 3149 604 3198 Α
611 3144 670 3214 ΒΔ]
689 3149 773 3198 ΑΒΓ
787 3162 812 3198 v.
896 3150 937 3198 13.
957 3145 1027 3199 Post
1044 3146 1094 3198 δοθ

131 3215 196 3270 add.
216 3212 264 3270 καί
284 3214 357 3269 ἐστιν
376 3215 413 3277 ὡς
430 3215 448 3283 ἡ
469 3220 517 3268 ΒΔ
535 3215 605 3282 πρὸς
624 3221 680 3282 ΔΑ,
701 3212 787 3277 οὕτως
804 3215 836 3269 τὸ
855 3215 910 3269 ὑπὸ
932 3220 992 3284 ΓΒ,
1007 3220 1055 3269 ΒΔ
1071 3232 1094 3276 τι

130 3286 162 3342 τὸ
181 3286 236 3341 όιτδ
258 3290 316 3354 ΓΒ,
330 3291 380 3339 ΑΔ
397 3303 428 3352 v3
447 3302 473 3338 u.
494 3285 579 3340 schol.
599 3304 639 3339 nr.
661 3291 720 3339 125.
807 3287 869 3357 τοῦ]
888 3285 919 3340 τό
939 3287 965 3340 b.
1053 3289 1094 3340 ΓΕ

131 3360 210 3413 ΒΓΔ
228 3356 255 3410 b.
343 3361 384 3410 14.
404 3357 465 3427 τοῦ]
485 3355 562 3410 τόδ.
651 3361 691 3409 15.
717 3357 776 3428 BA]
796 3362 844 3410 ΑΔ
863 3357 890 3411 b.
977 3354 1094 3428 ἄρα]λόχ

132 3428 189 3483 ἐστὶ
207 3424 306 3490 δοθείς
323 3427 350 3482 b.
436 3432 477 3480 16.
496 3425 731 3495 ΑΒΓτρίγωνον
751 3428 777 3481 b.
859 3428 922 3498 τοῦ]
941 3427 972 3482 τό
990 3429 1016 3482 b.
1093 3471 1094 3477 ,

131 3495 280 3572 τρίγωνον]
300 3515 353 3554 om.
372 3498 446 3569 Van,
471 3497 536 3553 add.
555 3517 591 3552 m.
612 3505 636 3552 2.
729 3503 769 3552 18.
794 3498 861 3570 ὑπό]
886 3498 976 3554 ὁδιτό
998 3499 1026 3554 Ρ.
