2356 3818
113 111 178 176 308
535 112 700 164 SOHOLIA.

184 256 256 321 172.
285 254 355 321 Ὅτι
383 256 403 339 6
432 256 488 320 διδι
515 264 575 320 τοῦ
599 258 633 318 Κ
657 254 865 342 παράλληλος
889 265 928 340 τῇ
953 258 1026 318 ΖΗ
1049 254 1126 336 ἆγο-

116 361 197 447 μένή
222 361 398 447 ἐφάπτεται
421 371 479 446 τής
501 365 725 447 περιφερείας,
748 362 864 445 δήλου·
888 358 943 425 καὶ
966 360 1045 445 γάρ,
1068 358 1127 425 ἐὰν

115 466 191 555 περὶ
220 471 257 534 τὸ
285 473 390 534 ΑΒΓ
411 471 576 553 τρίγωνον
602 477 711 553 τμήμα
734 468 1001 554 περιγράψωμεν,
1030 467 1127 550 ὅμοια

116 578 206 640 ἔσται
224 577 265 640 τδι
283 578 442 660 τμήματα,
464 573 519 640 καὶ
543 573 614 640 ε’πεί
635 574 734 658 ἐστιν,
758 575 802 650 ὡς
825 573 845 656 6
865 577 933 638 ΒΓ
949 577 1032 660 πρὸς
1049 578 1127 657 ΕΑ,

81 682 222 757 οοῦτως
249 682 269 764 6
295 685 368 745 ΖΗ
389 682 472 766 πρὸς
494 684 581 745 ΗΚ·
613 679 633 763 6
662 676 699 744 δὲ
726 685 792 744 EA
820 679 1011 764 ἐφάπτεται·
1044 679 1128 744 ὥστε

115 786 171 852 καλ
193 788 214 872 6
238 788 294 853 διὰ
316 797 376 852 τοῦ
399 791 440 851 K.

185 913 258 978 173.
288 909 375 977 Ἐπεὶ
403 913 466 997 γδιρ
495 909 627 976 δέδοται
654 908 772 994 ἑκάστη
800 922 867 976 τῶν
889 914 1043 997 πλευρῶν
1068 918 1128 974 τοῦ

119 1023 224 1084 ΖΗΘ
246 1019 427 1105 τριγώνου,
460 1016 593 1082 δέδοται
615 1017 633 1083 6
656 1027 714 1101 τῆς
738 1022 801 1082 ΖΘ
827 1018 910 1102 πρὸς
935 1020 1008 1081 ΘΗ
1031 1019 1129 1098 λόγος

119 1127 176 1190 διὰ
203 1127 240 1190 τὸ
264 1123 307 1189 α’.
352 1124 453 1189 πάλιν
481 1122 550 1189 ἐπεὶ
579 1123 710 1188 δέδοται
738 1123 756 1189 6
784 1133 842 1208 τῆς
864 1127 931 1188 ΑΒ
960 1123 1044 1208 πρὸς
1067 1127 1129 1187 BA

68 1242 101 1290 10
120 1235 232 1314 λόγος,
261 1231 305 1306 ὡς
328 1229 504 1314 δέδεικται,
533 1228 665 1295 δέδοται
689 1227 725 1295 δέ
752 1228 807 1295 καλ
833 1230 850 1295 6
874 1238 932 1313 τής
954 1232 1025 1293 ΑΓ
1047 1230 1129 1314 πρὸς

121 1342 184 1402 BA
207 1339 317 1419 λόγος·
341 1337 385 1413 ὡς
403 1337 466 1422 γὰρ
490 1335 653 1401 δέδεικται
677 1336 694 1402 ὁ
718 1345 776 1420 τῆς
794 1340 862 1402 ΒΓ
877 1337 961 1422 πρὸς
983 1337 1045 1419 τήν
1064 1339 1131 1399 ΑΕ

119 1445 251 1527 δοθείς,
284 1442 389 1518 οὕτως
416 1444 624 1527 δειχθήσεται
652 1441 707 1507 καλ
735 1442 752 1508 6
780 1451 838 1526 τής
865 1445 935 1506 ΑΓ
955 1442 1040 1527 πρὸς
1067 1445 1129 1505 BA

122 1552 220 1633 λόγος
243 1550 370 1624 δοθείς·
393 1547 448 1614 καλ
471 1549 489 1614 6
512 1558 570 1633 τής
590 1554 652 1614 BA
675 1551 739 1634 ἄρα
761 1550 844 1631 πρὸς
865 1550 927 1632 τήν
945 1554 978 1612 Α
984 1552 1016 1613 Γ
1034 1551 1130 1631 λόγος

122 1655 190 1722 ε’στὶ
213 1654 327 1732 δοθεὶς
351 1656 465 1720 διὰτὸ
489 1653 532 1738 η’.
589 1654 658 1720 ἐπεὶ
690 1651 752 1721 οὖν
785 1661 853 1720 ίσαι
885 1652 970 1720 είσλν
1003 1657 1041 1720 αί
1065 1655 1128 1720 ὑπὸ

69 1773 101 1821 15
121 1767 225 1846 ΒΑΓ,
249 1766 357 1827 ΖΘΗ
375 1764 508 1845 γωνίαι,
535 1759 590 1826 καὶ
613 1765 714 1844 λόγου
737 1765 802 1846 ἔχει
825 1759 1004 1845 δεδομένον
1027 1760 1048 1844 6
1071 1757 1131 1846 μὲν

121 1874 184 1934 BA
206 1871 288 1952 πρὸς
307 1872 381 1952 ΑΓ,
405 1868 425 1951 6
444 1865 480 1933 δὲ
501 1873 564 1933 ΖΘ
585 1869 668 1953 πρὸς
689 1872 772 1952 ΘΗ,
796 1867 956 1953 δεδομένα
980 1868 1044 1953 ἄρα
1063 1864 1130 1932 ἐστὶ

122 1985 168 2040 τῶ
191 1976 280 2040 εἴδει.

189 2101 262 2164 174.
306 2101 433 2163 Τούτου
460 2108 519 2163 τοῦ
547 2101 761 2185 θεωρήματος
790 2101 941 2174 ἔνστασις
968 2110 1072 2163 κεῖται
1097 2097 1131 2163 ἐν

122 2214 160 2290 τῇ
183 2206 296 2290 πρώτῃ
321 2202 446 2290 ἐξωχιή,
470 2205 553 2270 ὅπου
577 2217 711 2290 σημεῖον
734 2206 811 2270 τόδε
832 2207 884 2290 6⁰4.

69 2337 105 2387 20
193 2329 265 2394 175.
287 2327 465 2405 ’Ένστασις
488 2332 535 2406 είς
557 2331 594 2394 τὸ
617 2328 654 2395 π’
672 2332 830 2417 θεώρημα
852 2328 905 2416 ΞΕ.

190 2433 272 2520 φησὶ
295 2437 358 2520 γδιρ
387 2435 422 2500 έν
445 2447 490 2524 τῷ
514 2434 551 2500 π’
569 2438 772 2523 θεωρήματι·
799 2437 894 2521 ήχθω
923 2435 986 2500 ιἰπὸ
1015 2445 1076 2501 τοῦ
1099 2438 1135 2500 Η

124 2544 261 2627 σημείου
292 2551 331 2627 τή
361 2545 433 2606 ΖΗ
460 2543 542 2628 πρὸς
571 2541 678 2628 ὀρθὰς
704 2545 826 2625 γωνίας
853 2541 969 2608 εὐθεῖα
997 2542 1017 2624 6
1045 2545 1130 2607 ΗΚ·

122 2646 177 2712 καὶ
201 2646 372 2730 γεγονέτω,
395 2650 513 2732 φησίν,
537 2647 581 2724 ὡς
604 2648 624 2731 6
647 2651 715 2712 ΒΓ
730 2648 813 2732 πρὸς
835 2649 896 2732 τήν
919 2652 1000 2733 ΕΑ,
1028 2648 1131 2722 οὕτως

195 2809 253 2858 172.
273 2803 455 2871 Πίσωνος.
539 2808 597 2857 173.
616 2802 878 2871 Ρ17ειλ.τΜοω.σρ.
962 2809 1022 2858 174.
1041 2804 1127 2859 PVat.

161 2879 220 2928 175.
240 2873 413 2928 Plvat.⁶es
432 2873 571 2943 (P1Vat.e
590 2874 627 2927 ad
645 2874 729 2928 finem
747 2872 814 2927 libri
831 2877 896 2944 post
915 2875 1001 2931 schol.
1019 2893 1061 2930 nt.
1077 2878 1127 2944 566

124 2944 190 2997 inde
210 2961 226 2998 a
245 2962 271 2998 u.
291 2943 362 3010 λέξει
380 2965 421 3008 τις
438 2963 465 3014 p.
480 2950 541 3015 309,
560 2951 575 2998 2
595 2945 689 2999 Ambr.

197 3109 220 3156 1.
239 3103 273 3226 ⁶⁹6
291 3120 343 3158 om.
362 3104 403 3159 Pl.
480 3105 550 3176 τω]
570 3109 626 3158 ππ
644 3105 717 3174 νει,
737 3109 792 3158 ατ
811 3126 833 3173 ρ.
906 3102 1044 3177 εγομειη]
1064 3101 1122 3174 εμ-

126 3192 217 3244 γωμεν
235 3174 257 3227 Ρ
279 3218 285 3242 ,
305 3194 348 3228 -ο-
366 3174 383 3243 6
403 3175 466 3264 Va}
538 3182 562 3231 2.
582 3184 630 3244 τῆς
648 3174 838 3247 περιφερείας]
857 3193 910 3231 om.
930 3194 956 3232 v.
1030 3184 1053 3230 4.
1073 3168 1122 3253 ἐπεί

126 3252 205 3408 δρδδ.
224 3246 265 3316 K]
279 3248 468 3372 ἕδηέέδῦτῧέίσιν
487 3251 535 3370 (7.5,
557 3247 832 3440 Ζξήῗδέῃρὃῑοὰᾶ·
844 3324 886 3373 21.
901 3253 942 3373 1έί
956 3247 1120 3437 τέιγξλωίέξῇδεδὲῨ

63 3388 532 3592 *s‘ssfffflassasffiffim
549 3389 722 3531 ἓδεέδιοέλ
734 3389 789 3515 ξε.
858 3391 922 3462 EA]
944 3393 999 3445 ΕΔ
1016 3387 1116 3447 ΡΜ
