2356 3818
491 142 655 194 εοΗοτιι.
1013 141 1076 205 281

419 336 472 402 Ad
494 360 584 422 prop.
608 337 725 403 XXVI.

132 464 184 527 82.
217 463 265 526 Τδι
283 469 324 548 A,
339 466 368 526 Β
387 461 520 527 δέδοται
538 473 578 549 τῇ
596 461 703 528 θέσει·
725 466 831 547 μόνον
849 465 911 550 γὰρ
930 473 970 548 τῇ
986 461 1079 527 θέσει

52 563 198 633 δέδοται
221 569 263 633 τδι
286 581 412 653 σημεῖα.

410 746 462 811 Ad
484 769 576 832 prop.
599 746 735 811 XXVII.

133 873 184 937 83.
219 873 265 936 Εί
294 867 356 954 μέν
382 871 445 956 γὰρ
473 871 510 935 τὸ
538 875 567 934 Β
600 881 737 954 σημεῖον
768 868 788 953 ἢ
817 869 909 946 έντδς
939 867 960 952 ἣ
988 867 1080 944 ἐκτὸς
1116 887 1134 935 ο

53 988 302 1061 μεταπεσεῖται,
325 978 386 1042 οὐκ
405 978 496 1041 ἔσται
515 987 561 1064 τῷ
579 975 712 1060 μεγέθει
732 975 891 1060 δεδομένη
911 975 932 1059 ἡ
950 975 1079 1040 εὐθεῖα·

57 1086 96 1148 εί
120 1079 156 1147 δέ
179 1093 405 1166 μεταπεσεῖται
429 1081 450 1165 ἢ
473 1083 542 1147 ἄνω
566 1081 586 1165 ἣ
610 1082 708 1166 κοίταν,
732 1082 794 1146 οὐκ
817 1085 906 1146 ἔσται
929 1091 968 1168 τῇ
987 1079 1080 1147 θέσει

59 1187 236 1273 δεδομένη.
669 1267 674 1277 ¹

430 1310 482 1375 Ad
504 1333 595 1395 prop.
619 1311 721 1376 XXX.

134 1438 185 1502 84.
214 1437 349 1511 Παντὸς
371 1437 434 1520 γὰρ
455 1436 619 1521 τριγώνου
637 1434 658 1516 ἡ
678 1434 770 1511 ἐκτὸς
787 1439 893 1519 γωνία
914 1435 992 1501 δνσὶ
1010 1447 1081 1512 ταῖς
1100 1452 1153 1502 10.

67 1544 161 1620 έντὸς
183 1542 239 1609 καὶ
262 1542 462 1607 ἀπεναντίον
485 1547 538 1624 ίση
564 1540 662 1605 ε’στίν.

420 1752 473 1817 Ad
495 1775 585 1837 prop.
609 1751 726 1818 XXXI.

136 1881 187 1945 85.
217 1878 294 1944 Ἐὰν
321 1878 438 1943 εὐθεῖα
465 1887 504 1963 τῇ
532 1875 625 1942 θέσει
653 1877 756 1962 δοθῇ,
788 1875 920 1941 δέδοται
952 1875 1008 1941 καὶ
1035 1887 1081 1964 τῷ

67 1985 215 2070 μεγέθει·
240 1985 298 2050 ἐὰν
320 1993 366 2073 τῷ
390 1983 534 2069 μεγέθει,
558 1985 651 2048 οὔπω
674 1980 730 2047 καὶ
752 1993 792 2069 τῇ
810 1981 915 2048 θέσει·
941 1984 1080 2048 δύναται

67 2095 130 2178 γὰρ
154 2095 375 2176 μεταπίπτειν.
1101 2105 1135 2154 15

137 2218 188 2282 86.
224 2215 319 2281 Θέσει
342 2217 407 2301 ἄρα
429 2238 460 2298 p.
479 2214 531 2296 52,
550 2214 608 2298 23]
633 2215 689 2278 διδι
711 2216 790 2291 τοὺς
813 2213 921 2300 ὅρους.
962 2204 1082 2292 κύκλος

69 2325 132 2410 γδιρ
165 2333 204 2410 τῇ
232 2321 326 2388 θέσει
353 2320 408 2386 καὶ
435 2331 480 2409 τῷ
508 2319 642 2405 μεγέθει
674 2322 835 2387 δεδόσθαι
867 2320 1008 2406 λέγεται,
1041 2319 1082 2387 οὗ

70 2429 203 2494 δέδοται
227 2430 264 2494 τὸ
287 2425 348 2512 μέν
371 2423 510 2513 κέντρον
528 2437 567 2514 τῇ
586 2426 691 2510 θέσει,
714 2427 734 2511 ἡ
754 2424 791 2492 δέ
810 2427 845 2493 έκ
863 2436 923 2492 τοῦ
941 2426 1081 2513 κέντρον

67 2546 114 2623 τῷ
140 2534 282 2619 μεγέθει.
666 2605 667 2608 ¹

138 2661 190 2725 87.
232 2662 284 2744 Τῇ
312 2656 406 2723 θέσει
438 2655 494 2722 καὶ
526 2668 571 2745 τῷ
603 2657 737 2741 μεγέθει
769 2657 889 2731 κύκλος
921 2655 1082 2720 δεδόσθαι
1100 2671 1137 2719 20

70 2764 209 2849 λέγεται,
233 2760 273 2830 οὗ
295 2763 427 2830 δέδοται
449 2769 528 2847 κτα,
552 2764 596 2840 ὡς
619 2762 656 2828 έν
678 2775 747 2839 τοῖς
770 2763 869 2848 ὅροις.

69 2919 284 2930 .,..,—————--

143 2998 186 3048 82.
205 2991 362 3060 P1Vat.92.
445 2996 487 3046 83.
506 2988 889 3056 ΡΝατ.τΜοο.Αιοοτ.ρλο.
971 2993 1013 3043 84.
1032 2988 1083 3042 Ρτ.

107 3062 452 3130 85.ΡΝα1;.Μοο.τρλ8.
526 3067 568 3117 86.
587 3061 652 3116 Plz.
726 3064 768 3113 87.
788 3059 854 3114 ΡΙσ.

143 3284 168 3334 2.
187 3277 235 3348 τοί]
254 3279 350 3346 δῆλον,
369 3273 411 3329 δτι
424 3273 460 3328 τοί
478 3279 500 3329 λ.
556 3274 647 3343 μόνως
664 3277 686 3327 λ.
742 3278 767 3328 6.
788 3272 875 3344 ἔσται]
896 3272 951 3327 ἔστι
964 3272 1084 3342 Ἶαδαρ,

72 3350 128 3418 ἄρα
152 3348 227 3403 Mon.
235 3347 331 3401 Ambr.
423 3343 560 3416 δεδομένη
585 3344 660 3398 ἔσται
682 3344 777 3399 Ambr.
869 3350 892 3398 7.
918 3343 1005 3415 ἔσται]
1029 3342 1085 3397 έστι

71 3421 207 3489 τΜοο.ρ,
230 3418 285 3487 ἄρα
304 3417 400 3471 Ambr.
492 3416 568 3471 έσται
586 3413 723 3485 δεδομένη
741 3415 837 3469 Ambr.
929 3419 970 3470 13.
994 3415 1084 3487 δοθῇ]

71 3494 175 3562 δειχθῇ
194 3511 218 3558 ρ.
291 3495 334 3543 14.
355 3487 444 3560 οὔπω]
464 3505 517 3542 om.
535 3487 635 3542 Mon.S
653 3486 756 3541 lacuna
774 3485 882 3542 relicta.
