2356 3818
124 151 187 216 182
225 119 231 130 ’
523 153 727 208 monam.

122 297 237 362 εὐθεῖα
259 297 354 380 ἥχθω
377 296 398 378 ἡ
420 300 488 361 ΒΓ
510 295 789 381 ἀπολαμβάνουσα
815 304 926 381 τμῆμα
950 297 1124 381 δεχόμενον

123 405 249 485 γωνίαν
272 403 432 468 δοθεῖσαν
453 405 514 486 τὴν
536 403 601 469 ὑπὸ
624 406 731 487 ΒΑΓ,
754 401 810 468 καὶ
827 404 1003 488 τετμήσθω
1025 400 1124 485 ἡὺιτδ

123 512 224 573 ΒΑΓ
241 511 345 590 γωνία
368 510 444 593 δίχα
461 519 501 595 τῇ
519 515 585 574 ΑΔ
607 509 735 597 εὐθείᾳ·
759 506 853 592 λέγω,
876 509 928 575 ὅτι
946 511 1046 592 λόγος
1060 505 1124 573 ε’σιλ

124 614 376 701 συναμφοτέρου
408 625 466 700 τῆς
496 620 597 681 ΒΑΓ
623 617 706 702 πρὸς
728 617 788 700 τὴν
815 621 881 680 ΑΔ
914 617 1043 697 δοθείς,
1073 609 1122 678 καί

90 721 175 786 δὸτι
203 721 307 787 δοθέν
334 721 403 786 ἐστι
429 723 466 787 τὸ
493 721 560 786 ὑπὸ
588 719 839 807 συναμφοτέρου
866 729 925 805 τῆς
952 723 1053 785 ΒΑΓ
1073 716 1122 783 ιιιιλ

124 837 181 912 τῆς
202 833 274 893 ΕΔ.

191 933 373 1018 ἐπεζεύχθω
396 933 417 1015 ἡ
440 939 511 999 ΒΔ.
556 933 611 998 καὶ
639 932 708 999 ἐπεὶ
734 936 782 1010 είς
804 935 927 999 κύκλον
949 930 1127 1016 δεδομένον

76 1043 78 1047 ’
124 1049 170 1128 τῷ
202 1038 334 1124 μεγέθει
365 1041 424 1105 τὸν
455 1045 521 1105 ΔΑ
527 1042 560 1105 Γ
591 1041 721 1124 διῆκται
752 1041 867 1106 εὐθεῖα
903 1037 923 1122 ἡ
951 1041 1020 1104 ΒΓ
1050 1037 1137 1102 ιἰιιο-

125 1147 338 1230 λαμβοίνουσα
360 1155 468 1231 τμῆμα
491 1148 528 1212 τὸ
551 1150 652 1212 ΒΑΓ
670 1149 848 1231 δεχόμενον
869 1147 997 1228 γωνίαν
1018 1146 1144 1208 δοθεῖ-

75 1272 108 1320 10
127 1268 189 1316 σαν
212 1254 272 1335 τὴν
293 1252 359 1317 ὑπὸ
382 1262 449 1317 τῶν
466 1256 572 1336 ΒΑΓ,
596 1254 735 1318 δοθεῖσα
758 1255 822 1339 ἄρα
845 1249 936 1316 ἐστίν
958 1251 1065 1335 m
1080 1260 1147 1338 τῷ

127 1356 267 1443 μεγέθει.
313 1359 369 1423 διὰ
391 1360 431 1423 τὰ
454 1359 538 1424 αὐτοὶ
560 1360 602 1443 δὴ
620 1356 675 1424 καί
698 1359 718 1441 ἡ
742 1364 805 1424 ΒΔ
832 1357 972 1423 δοθεῖσοί
994 1356 1060 1422 ἐστι
1079 1365 1142 1443 τῷ

126 1462 271 1549 μεγέθει·
295 1468 393 1548 λόγος
410 1468 474 1552 ἄρα
498 1465 566 1531 ἐστὶ
583 1474 641 1550 τῆς
659 1469 727 1530 ΒΓ
744 1466 827 1552 πρὸς
844 1465 906 1548 τὴν
924 1468 987 1528 ΒΔ
1010 1463 1135 1536 δοθείς.

126 1569 182 1637 καί
214 1569 283 1637 ἐπεὶ
310 1573 330 1655 ἡ
356 1571 421 1637 ὑπὸ
449 1582 516 1636 τῶν
544 1575 644 1637 ΒΑΓ
671 1574 775 1654 γωνία
808 1570 884 1654 δίχα
910 1568 1058 1654 τέτμηται
1083 1575 1130 1650 τῇ

127 1684 194 1743 ΑΔ
215 1679 341 1766 εὐθείᾳ,
364 1681 455 1744 ἔστιν
476 1680 540 1763 ἄρα
564 1678 609 1754 ὡς
626 1677 646 1760 ἡ
666 1683 728 1743 BA
750 1676 832 1762 πρὸς
850 1678 912 1761 τὴν
929 1679 1005 1759 ΑΓ,
1027 1673 1120 1745 οὕτως

77 1784 149 1868 15ἡ
172 1790 237 1850 ΒΕ
261 1787 344 1871 πρὸς
370 1786 431 1868 τὴν
458 1787 538 1849 ΕΓ·
576 1781 713 1862 ἐναλλὰξ
745 1784 810 1870 ἄρα
837 1783 882 1858 ὡς
909 1781 929 1864 ἡ
958 1786 1023 1846 ΑΒ
1047 1779 1114 1862 πρὸς

129 1895 211 1975 ΒΕ,
253 1891 358 1967 οὕτως
393 1889 413 1972 ἡ
450 1893 525 1954 ΑΓ
560 1891 643 1974 πρὸς
680 1890 741 1973 τὴν
778 1892 859 1953 ΓΕ·
897 1886 954 1954 καὶ
990 1888 1033 1963 ὡς
1063 1885 1110 1967 ἄρα

129 2000 378 2084 συναμφότερος
408 1995 428 2079 ἡ
456 1999 556 2061 ΒΑΓ
581 1997 664 2081 πρὸς
686 1997 747 2079 τὴν
774 1997 850 2078 ΒΓ,
883 1993 990 2070 οὕτως
1019 1986 1112 2076 ἡΑΓ

129 2105 212 2188 πρὸς
237 2105 298 2186 τὴν
322 2106 392 2167 ΓΕ.
437 2101 492 2167 καὶ
520 2101 592 2167 ἐπεί
617 2101 706 2166 ἐστιν
734 2107 788 2184 ίση
815 2099 925 2183 ἡὺιιὸ
948 2110 1015 2164 τῶν
1035 2094 1109 2162 ΒΑΕ

130 2212 235 2294 γωνία
256 2219 296 2294 τῇ
318 2209 383 2275 ὑπὸ
405 2219 473 2274 τῶν
490 2212 596 2292 ΕΑΓ,
619 2211 687 2273 ἔστι
705 2204 743 2272 δέ
759 2205 815 2272 καὶ
832 2206 853 2290 ἡ
871 2206 937 2272 ὑπὸ
955 2217 1023 2271 τῶν
1034 2200 1110 2268 ΑΓΕ

78 2333 112 2382 20
130 2324 170 2401 τῇ
196 2315 261 2380 ὑπὸ
289 2326 355 2380 τῶν
377 2320 476 2380 ΒΔΕ
502 2320 570 2398 ἴση,
602 2316 699 2397 λοιπὴ
723 2315 786 2399 ἄρα
813 2310 923 2395 ἡὺιιὸ
945 2321 1013 2377 τῶν
1033 2303 1113 2374 ΑΕΓ

131 2427 229 2508 λοιπῇ
261 2413 301 2508 τῇ
326 2421 391 2486 ὑπὸ
420 2433 487 2486 τῶν
508 2425 608 2486 ΑΒΔ
636 2419 726 2485 ἐστιν
753 2425 816 2501 ίση.
868 2419 1043 2500 ἰσογώνιον
1065 2414 1112 2495 ἄρα

132 2527 200 2594 ἐστὶ
223 2530 260 2594 τὸ
279 2532 384 2594 ΑΕΓ
400 2530 564 2615 τρίγωνον
586 2535 631 2615 τῷ
650 2531 751 2591 ΑΒΔ
772 2525 939 2612 τριγωνφ·
965 2526 1051 2589 ἔστιν
1065 2520 1112 2600 ἅμα

132 2636 177 2712 ὡς
199 2636 219 2720 ἡ
242 2638 312 2700 ΑΓ
329 2636 412 2719 πρὸς
434 2635 495 2717 τὴν
519 2635 594 2715 ΓΕ,
617 2632 723 2708 οὕτως
744 2629 765 2713 ἡ
787 2636 854 2695 ΑΔ
875 2631 960 2716 πρὸς
982 2630 1041 2712 τὴν
1059 2623 1113 2689 ΒΛ·

133 2741 205 2808 ἀλλ’
227 2743 271 2819 ὡς
293 2742 314 2826 ἡ
336 2744 407 2806 ΑΓ
424 2740 506 2826 πρὸς
527 2740 589 2822 τὴν
612 2741 688 2821 ΓΕ,
718 2736 823 2812 οὕτως
845 2722 1114 2819 συναμφότεροςὴ

83 2862 116 2913 26
134 2853 206 2932 BA,
225 2855 257 2913 Α
263 2851 295 2913 Γ
316 2848 399 2933 πρὸς
421 2848 482 2930 τὴν
504 2849 584 2910 ΒΓ·
617 2847 708 2908 έστιν
730 2845 794 2929 ἄρα
821 2841 866 2917 ὡς
888 2840 1115 2924 συναμφότερος

134 2953 155 3037 ἡ
178 2958 250 3036 ΒΑ,
268 2956 338 3017 ΑΓ
355 2954 437 3039 πρὸς
458 2954 520 3035 τὴν
538 2954 610 3034 ΒΓ,
633 2950 738 3026 οὕτως
755 2948 776 3032 ἡ
795 2952 860 3012 ΑΔ
882 2947 966 3033 πρὸς
982 2946 1042 3030 τὴν
1057 2940 1115 3007 ΔΒ·

135 3056 272 3137 ἐναλλὰξ
292 3059 336 3135 ὡς
354 3061 602 3143 συναμφότερος
619 3056 640 3139 ἡ
655 3059 755 3121 ΒΑΓ
765 3055 848 3140 πρὸς
861 3054 923 3136 τὴν
936 3057 1012 3136 ΑΔ,
1033 3048 1117 3117 οὕτως

135 3166 157 3252 ἡ
179 3169 247 3233 ΒΓ
263 3165 346 3251 πρὸς
367 3164 429 3247 τὴν
451 3168 524 3228 ΒΛ·
549 3166 645 3246 λόγος
668 3159 705 3228 δὲ
726 3169 784 3245 τῆς
806 3161 874 3224 ΒΓ
890 3158 975 3243 πρὸς
996 3157 1054 3240 τὴν
1069 3149 1115 3217 ΒΔ

206 3364 230 3415 1.
250 3359 350 3414 εὐθεῖα
364 3354 475 3425 γραμμή
489 3370 514 3409 a.
569 3360 594 3408 2.
612 3362 661 3423 τῆς
675 3356 753 3407 ΒΑΓ
767 3368 792 3420 a,
811 3349 881 3404 item
893 3348 943 3405 lin.
954 3355 979 3405 Β.
1031 3336 1117 3478 MA]

136 3429 239 3487 ma.
311 3427 407 3500 ΒΑΓ]
425 3430 521 3481 ΑΓα.
603 3433 627 3481 6.
648 3428 699 3478 ΕΒ
718 3440 743 3478 a.
824 3414 1109 3492 mmmmm

134 3514 188 3559 m
207 3518 233 3559 ε.
299 3499 348 3557 καλ
367 3495 445 3572 ἐπεί]
464 3496 525 3554 ἐπεὶ
542 3494 595 3569 γάρ
614 3510 650 3549 ωε
703 3499 729 3549 8.
746 3492 811 3563 vav]
827 3508 896 3547 corr.
912 3507 946 3545 ex
962 3499 1017 3546 τῶν
1032 3489 1116 3542 ωλι
