2356 3818
528 137 734 189 ΔΕΔΟΜΕΝΑ.

602 330 663 414 ἕν’·

169 451 246 518 Ἐὰν
264 457 430 539 τρίγωνον
448 463 494 542 τῷ
514 456 594 518 εῖδει
614 453 795 538 δεδομένον
814 448 845 540 ᾖ,
868 455 905 519 τὸ
925 453 989 520 ἀπὸ
1006 452 1175 519 82:861

127 571 194 624 τῶν
212 565 366 645 πλευρῶν
384 561 488 624 αὐτοῦ
506 562 589 645 πρὸς
607 562 644 624 τὸ
663 563 829 646 τρίγωνον
848 563 950 642 λόγον
968 546 1036 638 ἕξεί
1045 561 1073 624 δ
1076 543 1175 624 effl-

126 663 236 749 μένον.

92 782 107 829 5
194 775 276 836 ἔστω
304 775 470 857 τρίγωνον
498 769 678 855 δεδομένον
706 781 751 860 τῶ
776 773 856 836 εῖδει
879 773 916 836 τὸ
940 775 1053 856 ΑΒΓ,
1082 746 1146 832 ιιάί

127 877 417 963 ἀναγεγράφθω’
400 879 463 942 απὸ
488 875 624 960 έκάστης
646 889 714 942 τῶν
731 884 885 963 πλευρῶν
905 877 1010 943 αὐτοῦ
1028 856 1129 961 τετρῖῖ

127 1007 217 1064 γωνα
248 985 288 1047 πά
311 988 385 1066 EB,
405 986 476 1066 ΓΔ,
496 986 571 1047 ΓΖ
604 982 744 1066 λεγω,
732 985 782 1048 ότι
810 982 950 1048 ἕκαστον
976 995 1043 1049 τῶν
1062 972 1121 1053 ΒΒι

128 1093 198 1173 PA,
214 1093 276 1153 ΓΖ
294 1090 376 1174 πρὸς
394 1091 431 1153 τὸ
446 1092 551 1154 ΑΒΓ
569 1093 734 1174 τρίγωνον
753 1092 854 1172 λόγον
872 1088 936 1167 ἔξει
952 1087 1118 1175 δεδομένον.

194 1193 263 1258 έπεὶ
291 1196 355 1279 γάρ
383 1194 446 1259 ἀπὸ
475 1205 533 1279 τῆς
559 1195 661 1279 αὐτῆς
692 1195 826 1272 εὐθείας
858 1205 916 1279 τῆς
944 1199 1012 1261 ΒΓ
1039 1193 1122 1261 εὐθύν

76 1310 109 1358 10
128 1323 260 1385 γραμμα
284 1298 445 1383 δεδομένα
468 1309 514 1388 τῶ
536 1301 615 1364 εῖδει
635 1300 890 1385 ἀναγέγραπται,
914 1301 1076 1386 ἀὲτυχεν,
1094 1299 1127 1364 ιὰ

128 1409 238 1489 ΑΒΓ,
258 1408 328 1488 ΓΛ,
352 1408 450 1486 λόγος
473 1407 537 1491 ἀρα
560 1415 620 1471 τοῦ
642 1411 748 1471 ΑΒΓ
766 1409 849 1493 πρὸς
871 1409 908 1472 τὸ
934 1410 996 1471 ΓΔ
1019 1409 1132 1483 δοθείς.

128 1513 184 1575 διά
207 1512 248 1576 ιά
276 1511 359 1576 αὐτὰ
383 1514 424 1595 δὴ
452 1509 508 1576 καὶ
536 1509 691 1598 ἑκατέρου
720 1523 787 1578 τῶν
809 1517 888 1595 ΕΒ,
909 1516 976 1577 ΖΓ
1000 1515 1083 1601 πρὸς
1102 1514 1136 1578 τὸ

127 1604 232 1682 ΑΒΓ
250 1622 415 1703 τρίγωνον
439 1621 536 1699 λόγος
560 1617 629 1683 ἐστὶ
652 1620 775 1695 δοθείς.

602 1810 664 1889 ξδ’.

74 1945 107 1994 15
190 1935 267 2000 Ἐὰν
290 1938 455 2020 τρίγωνον
479 1935 639 2019 ἀμβλεῖαν
662 1939 718 2020 ἔχῃ
742 1939 868 2018 γωνίαν
892 1935 1099 2022 δεδομένην,
1121 1930 1147 2026 ᾧ

126 2045 237 2125 μεῖζον
265 2042 405 2105 δύναται
438 2041 458 2124 ἡ
487 2043 548 2126 τὴν
575 2041 735 2125 ἀμβλεῖαν
763 2044 889 2124 γωνίαν
920 2043 1150 2110 ὑποτείνουσα

127 2147 253 2231 πλευρά
281 2157 349 2210 τῶν
370 2148 432 2230 τὴν
455 2146 615 2231 ἀμβλεῖαν
642 2151 769 2229 γωνίαν
796 2160 1027 2233 περιεχουσῶν
1049 2155 1151 2216 πλευ-

128 2263 212 2337 ρῶν,
245 2250 351 2315 έκεῖνο
379 2253 416 2316 τὸ
443 2256 568 2338 χωρίον
595 2254 678 2338 πρὸς
700 2255 737 2317 τὸ
761 2257 926 2339 τρίγωνον
953 2257 1063 2337 λόγον
1088 2255 1151 2335 ἕξει

128 2355 317 2440 δεδομένον

74 2474 109 2522 20
194 2465 276 2527 ἔστω
309 2467 474 2548 τρίγωνον
506 2463 740 2548 ἀμβλυγώνιον
774 2466 811 2530 τὸ
843 2468 949 2530 ΑΒΓ
983 2465 1151 2551 ἀμβλεῖαν

90 2566 254 2651 γωνίαν
268 2571 344 2652 ἔχον
362 2568 458 2652 ιὴν“
441 2571 506 2634 υπὸ
521 2581 589 2634 τῶν
602 2574 707 2635 ΑΒΓ
726 2569 917 2700 δεδομένην,
935 2569 994 2636 καὶ
1014 2574 1148 2659 διήχθω

128 2672 178 2739 ἐπ’
195 2675 329 2749 εὐθείας
347 2684 405 2758 τῆς
424 2678 491 2739 ΒΓ
505 2676 620 2739 εὐθεῖα
639 2675 746 2759 ἡΒΔ,
764 2699 820 2740 ααι
809 2674 932 2760 ἤχθω
951 2675 1021 2743 ἀπὸ
1037 2688 1104 2745 τοῦ
1117 2684 1150 2745 Α

128 2778 181 2845 ε’πὶ
203 2783 265 2864 τὴν
289 2784 349 2844 ΓΔ
371 2780 512 2856 αάθεπος
534 2780 554 2863 ἡ
577 2787 656 2845 AA·
681 2780 822 2865 λέγω,”
804 2805 865 2864 οτι,
888 2774 914 2869 ᾧ
937 2787 1054 2866 μεῖζόν
1079 2785 1148 2852 ἐστι

200 3047 225 3095 3
244 3050 299 3097 τῶν
318 3042 456 3112 πλευρῶν]
475 3049 524 3110 τῆς
535 3042 707 3129 πλευρᾶςο.
767 3042 836 3096 Post
854 3043 941 3096 αὐτοῦ
960 3044 1030 3099 add.
1047 3044 1147 3137 τετρά-

129 3131 220 3182 ωγνον
238 3113 303 3167 Vat
309 3130 334 3166 v.
395 3117 419 3166 5
440 3109 593 3180 δεδομένον
611 3118 649 3185 τῷ
669 3111 749 3184 είδει]
770 3129 822 3166 om.
841 3112 869 3169 b
925 3119 949 3167 6.
969 3114 1146 3189 τετράγωνα]

130 3199 218 3251 comp
237 3183 302 3237 vat
394 3187 418 3236 8.
445 3183 505 3254 ΓΔ]
529 3168 638 3237 ΔΓΒ
720 3184 820 3254 ΑΒΓ]
846 3187 873 3236 Γ
894 3183 960 3237 αδδ.
985 3204 1024 3240 m.
1019 3136 1144 3243 Q2Vat.

166 3201 231 3325 ἕξει]
257 3252 334 3342 ἔχει
335 3252 362 3306 b.
455 3259 478 3306 9.
503 3253 579 3377 ἀπόχ
600 3270 654 3307 om
672 3253 699 3307 b
791 3260 832 3307 10.
857 3252 928 3308 είδει
952 3253 1001 3311 hv
1001 3275 1053 3328 χεν
1077 3259 1145 3314 ἀνα·

128 3321 283 3394 γέγραπται
300 3343 335 3376 τα
328 3321 499 3392 (.&0m)b
577 3343 627 3394 τυχ
629 3342 641 3377 ε
659 3324 724 3378 vat.
787 3331 828 3378 11.
847 3278 1019 3398 ABF(alt.)
1006 3329 1029 3400 )]
1051 3328 1142 3384 ΓΔΒ.

164 3394 208 3466 τό]
228 3411 281 3448 om.
301 3393 330 3447 P.
424 3395 484 3466 ΓΔ]
510 3399 582 3448 ΓΑΒ
601 3345 737 3463 τρίγωνον
757 3398 855 3464 (comp.
885 3395 913 3449 b.
1008 3404 1052 3454 16.
1075 3400 1142 3454 ὁπο-

126 3462 269 3539 νείνοννα]
289 3485 339 3520 -αν
357 3483 387 3536 v,
409 3465 462 3519 del.
478 3483 548 3521 vm.
565 3471 588 3518 2.
666 3471 708 3519 21.
729 3464 835 3535 γωνίαν
851 3399 988 3539 ἀγον]Ρ,
1007 3488 1057 3525 -ον
1076 3485 1142 3525 corr.
