2356 3818
123 138 187 202 148
438 185 443 194 .
524 141 729 195 ΔιιΔοιιιιειι.

122 282 143 366 ἡ
166 283 232 348 ὑπὸ
256 293 324 348 τῶν
347 287 444 347 ΒΔΑ
469 284 622 348 δοθεῖσα·
648 280 704 348 καὶ
728 284 826 367 λοιπὴ
851 283 917 369 ἄρα
938 281 968 366 ἡ
982 281 1046 348 ὑπὸ
1066 291 1120 345 τῶν

124 393 220 453 ΒΑΔ
248 388 316 454 ἐστι
344 390 497 454 δοθεῖσα·
530 387 663 454 δέδοται
690 390 755 475 ἄρα
782 390 820 454 τὸ
847 393 949 455 ΑΒΔ
975 391 1120 474 πρόγονον

123 504 169 583 τῷ
193 496 287 559 ελδει·
321 497 419 577 λόγος
446 496 510 581 ἄρα
538 492 607 560 ἐστὶ
634 503 693 578 τῆς
714 500 778 560 ΒΑ
803 496 888 581 πρὸς
910 496 973 580 τὴν
996 499 1058 560 ΑΔ
1077 494 1118 558 δο

121 605 204 677 θείς.
254 610 312 684 τῆς
340 597 376 665 δέ
405 605 471 665 ΑΒ
498 603 582 687 πρὸς
608 602 670 684 τὴν
698 604 766 667 ΒΓ
788 604 886 684 λόγος
913 598 983 667 ἐστὶ
1011 601 1117 674 δοθελς·

89 705 180 772 οκαὸ
202 715 260 790 τῆς
284 712 349 770 ΑΛ
372 708 437 792 ἄρα
459 708 542 793 πρὸς
564 708 626 790 τὴν
648 711 717 771 ΒΓ
735 710 833 790 λόγος
856 704 926 772 ἐστὶ
949 708 1068 783 δοθεές.

600 900 657 980 οζ’.

187 1025 263 1091 Ἐδιν
282 1027 344 1090 δύο
362 1026 435 1107 εέδη
454 1023 615 1109 δεδομένα
632 1035 678 1104 τῷ
694 1027 776 1091 εἴδει
795 1026 879 1111 πρὸς
895 1026 1024 1108 ἄλληλα
1037 1025 1115 1105 λόγον

124 1134 180 1216 ἔχῃ
199 1129 390 1214 δεδομένον,
407 1129 463 1195 καὶ
477 1134 536 1216 μία
549 1132 675 1217 πλενρὸι
689 1131 851 1197 ὁποιαοῦν
865 1128 941 1207 ἑνὸς
959 1141 1025 1196 τῶν
1038 1129 1115 1194 εἰδῶν

124 1238 208 1322 πρὸς
230 1236 413 1301 ὁποιανοῦν
435 1247 503 1301 τῶν
525 1245 585 1301 τοῦ
609 1235 722 1323 ἑτέρον
746 1240 848 1319 λόγον
866 1235 930 1314 ἔξει
950 1233 1114 1320 δεδομένον.

73 1354 107 1402 10
192 1344 254 1406 δύο
283 1343 346 1428 γὸιρ
376 1344 447 1426 εέδη
475 1344 515 1407 τὰ
538 1346 648 1428 ΑΒΓ,
670 1348 771 1407 ΑΕΖ
800 1341 964 1427 δεδομένα
990 1351 1034 1431 τῷ
1056 1339 1114 1405 ελδιι

124 1449 207 1534 πρὸς
234 1449 359 1531 ἄλληλα
387 1452 488 1531 λόγον
516 1446 612 1532 ἐχέτω
641 1446 836 1533 δεδομένον·
874 1448 975 1532 λέγω,
1007 1447 1055 1513 ὁτι
1077 1437 1115 1509 αδ

125 1558 183 1639 μία
210 1555 336 1642 πλενρὸι
363 1555 526 1620 ὁποιαοῦν
557 1563 617 1619 τοῦ
645 1559 750 1619 ΑΒΓ
774 1556 858 1642 πρὸς
883 1558 965 1639 μίαν
992 1549 1114 1636 πλευρὰν

125 1661 308 1726 ὁποιανοῦν
331 1669 391 1726 τοῦ
415 1665 517 1727 ΑΒΖ
541 1663 642 1743 λόγον
665 1663 730 1743 ἔχει
755 1658 945 1745 δεδομένον.
1153 1738 1155 1743 Ι

192 1767 439 1853 ἀναγεγράφθω
472 1767 535 1852 γὸρ
567 1767 630 1831 ἀπὸ
657 1777 725 1831 τῶν
752 1770 830 1849 ΒΓ,
854 1770 919 1832 ΕΖ
952 1764 1113 1853 τετράγωνα

74 1881 107 1929 15
126 1873 166 1937 τὸι
193 1877 277 1956 ΒΗ,
300 1877 374 1938 ΕΘ.
425 1870 494 1938 ἐπεὶ
522 1871 586 1937 ἀπὸ
614 1881 672 1955 τῆς
699 1872 800 1956 αὐτῆς
827 1871 963 1948 εὐθείας
993 1880 1049 1955 τῆς
1071 1861 1116 1932 ΒΓ
1152 1860 1155 1923 i

125 1979 187 2044 δύο
211 1980 281 2060 εἴδη
306 1976 565 2064 ἀναγέγραπται,
592 1977 613 2042 ὁὶ
637 1981 766 2061 ἔτυχεν,
796 1975 958 2062 δεδομένα
984 1986 1030 2065 τῷ
1056 1970 1112 2040 ελδιί

125 2084 165 2147 πὸι
189 2086 298 2166 ΑΒΓ,
316 2087 396 2167 ΒΗ,
421 2087 518 2166 λόγος
541 2084 605 2170 ἄρα
628 2092 688 2148 τοῦ
706 2087 814 2148 ΑΒΓ
831 2084 914 2171 πρὸς
936 2084 974 2148 ιὸ
993 2085 1063 2147 ΒΗ
1076 2077 1113 2141 δα

125 2192 207 2264 θείς.
259 2189 315 2252 διὰ
342 2189 382 2253 ιὸι
411 2189 496 2253 αὐτα
519 2190 560 2272 δὴ
582 2189 685 2254 πόλιν
707 2187 762 2254 ααὸ
785 2197 846 2254 τοῦ
868 2172 971 2254 ΔΒΖ
997 2188 1073 2274 πρὸς
1087 2177 1112 2243 τὸ

126 2297 193 2357 ΕΘ
215 2295 312 2376 λόγος
331 2291 399 2358 ἐστὶ
419 2295 541 2370 δοθείς.
579 2293 648 2360 ἐπεὶ
672 2291 734 2361 οὖν
758 2297 856 2377 λόγος
875 2292 945 2359 ἐστὶ
963 2302 1022 2360 τοῦ
1039 2281 1116 2358 ΑΒΓ
1130 2340 1136 2357 .

72 2409 108 2459 20
127 2399 210 2485 πρὸς
232 2399 269 2464 τὸ
292 2404 394 2464 ΔΕΖ
422 2401 551 2485 δοθείς,
584 2400 667 2465 ἀλλὰ
694 2409 754 2465 τοῦ
782 2397 843 2486 μὲν
865 2404 973 2466 ΑΒΓ
992 2400 1069 2486 πρὸς
1087 2388 1112 2455 τὸ

127 2509 201 2569 ΒΗ
228 2507 326 2588 λόγος
356 2504 424 2570 ἐστὶ
452 2508 581 2590 δοθείς,
613 2515 673 2571 τοῦ
703 2503 740 2571 δὲ
767 2511 868 2571 ΔΕΖ
899 2507 985 2592 πρὸς
1010 2506 1045 2570 πὸ
1067 2496 1112 2566 ΒΘ

127 2613 225 2694 λόγος
244 2608 312 2676 ἐστὶ
331 2612 455 2696 δοθείς,
478 2611 611 2677 καὶτοῦ
630 2617 702 2677 ΒΗ
723 2613 788 2698 ἄρα
806 2612 890 2698 πρὸς
907 2613 945 2677 τὸ
960 2615 992 2677 E
997 2616 1025 2676 Θ
1041 2609 1112 2688 λόγθλ

127 2715 196 2783 ἐστὶ
223 2718 351 2793 δοθείς·
384 2719 467 2783 ὥστε
494 2717 549 2782 καὶ
576 2728 634 2802 τῆς
651 2722 730 2783 ’ΒΓ
754 2719 839 2802 πρὸς
864 2719 927 2802 τὴν
953 2721 1016 2783 ΕΖ
1040 2715 1113 2794 λόγος

127 2820 196 2889 ἐστὶ
219 2824 340 2899 δοθείς.

202 3052 226 3103 1.
245 3055 302 3104 τῶν
316 3050 497 3120 (αὸωιοοιιο)]
516 3058 565 3120 τῆς
582 3050 609 3103 b.
684 3051 767 3122 ΒΔΑ]
786 3054 858 3104 ΒΑΔ
875 3048 903 3104 b.
977 3054 1002 3103 2.
1022 3046 1112 3102 mv·

163 3114 313 3190 τρίγωνον]
337 3136 426 3188 comp.
452 3137 536 3188 supra
560 3137 610 3174 scr.
634 3138 670 3176 m
692 3126 706 3174 1
731 3138 756 3176 v.
852 3124 878 3174 4.
902 3119 973 3189 ποὸς
993 3117 1043 3188 τὴν
1062 3105 1112 3179 ΒΓ]
1152 3110 1155 3169 ὁ

129 3205 182 3253 om.
201 3189 266 3244 Vat.
348 3190 416 3243 Post
442 3188 540 3253 δοθείς
563 3191 627 3247 add.
647 3188 761 3246 δέδοται
781 3189 836 3258 ἄρα
854 3190 887 3245 πὸ
905 3193 990 3244 ΑΒΓ
1003 3185 1113 3259 τρίγοιῦ
1153 3182 1155 3203 '

127 3264 165 3333 τῷ
184 3257 254 3315 εἴδει
272 3260 300 3314 b.
374 3264 398 3312 Β.
417 3260 478 3330 τῆς]
496 3269 546 3316 τοῦ
565 3261 592 3315 b.
667 3267 689 3316 7.
708 3266 747 3334 τῷ
768 3260 848 3333 εἴδει]
868 3277 921 3316 om.
941 3260 972 3315 P.
1031 3264 1055 3313 8.
1069 3252 1105 3325 lt!

128 3346 197 3386 corr.
217 3346 252 3385 ex
271 3329 327 3402 έγει
345 3347 371 3384 v.
459 3336 483 3384 9.
503 3333 570 3404 τῶν]
590 3349 642 3386 om.
661 3332 727 3386 Vat.
812 3337 853 3387 12.
872 3335 949 3387 ΑΒΓ
963 3362 997 3372 -
1016 3334 1054 3385 18.
1068 3328 1105 3379 τοῦ

129 3416 182 3456 om.
198 3401 229 3456 b.
302 3405 345 3455 14.
364 3401 432 3471 τῶν]
450 3409 500 3470 τῆς
516 3402 543 3456 b.
625 3408 666 3458 16.
688 3401 765 3473 ἔπαγε
783 3401 906 3458 Vat.vb.
980 3406 1020 3456 18.
1038 3394 1106 3454 πόλιν

124 3487 178 3528 om
200 3470 226 3528 b.
301 3475 343 3528 20.
363 3470 495 3545 πό(ο1ὁ.)]
513 3489 567 3528 om.
585 3472 612 3527 b.
