2356 3818
407 206 414 216 Ι
451 192 454 198 ,
523 140 627 191 nunu.
1038 133 1082 198 53

529 299 629 364 XXX.
676 325 679 333 ¹

139 416 175 483 si
198 440 218 482 a
241 415 317 483 dato
339 420 462 501 puncto
486 417 527 481 ad
548 419 672 480 rectam
689 413 852 498 positione
871 414 1088 479 dutam'reota

39 552 43 560 ·
70 525 158 590 linea
190 525 318 590 ducitur
350 523 463 588 datum
495 521 638 587 efficiens
666 510 840 605 ungulum,
872 519 970 583 dueta
995 523 1085 587 rectu

71 631 148 696 data
172 635 223 696 est
244 629 417 715 positione.

137 759 216 802 nam
244 760 264 802 a
294 738 371 803 dato
399 741 521 821 puncto
549 740 581 799 A
613 735 653 798 ad
680 737 803 798 rectam
831 732 898 794 ΒΓ
924 730 1086 813 positione

70 845 184 910 datam
206 849 295 915 reeta
317 844 404 909 linea
426 849 492 908 ΑΔ
519 843 656 906 dueatur
684 839 797 904 datum
819 836 963 901 efficiens
986 857 1087 921 angu-

70 951 140 1017 lum
163 954 270 1017 ΑΔΓ.
317 951 404 1037 dieo,
425 956 492 1015 ΑΔ
514 949 623 1013 datum
648 968 726 1010 esse
740 944 910 1029 positione.

84 1039 90 1050 ⁹
645 1057 722 1121 nani
741 1059 770 1123 si
783 1051 901 1140 minus,
918 1058 1039 1137 puncto
1054 1059 1086 1118 A

352 1129 381 1181 A
588 1169 738 1229 manente
754 1166 876 1250 positio
895 1167 1003 1228 rectae
1021 1166 1087 1227 ΑΔ

32 1273 54 1373 .'
162 1272 165 1276 ’
587 1275 659 1334 mut
645 1271 770 1335 tabitur
798 1292 930 1338 seruans
960 1269 1087 1357 magni-

72 1434 104 1484 Γ
157 1391 234 1481 Λή
509 1376 734 1485 Βιιιιιιιιθιιι
754 1377 865 1464 anguli
882 1379 989 1441 ΑΔΓ
1020 1398 1088 1439 mu·

493 1533 495 1538 .
509 1437 677 1546 Βιιιιιιι
708 1487 742 1547 et
773 1482 818 1547 sit
845 1487 923 1548 AZ.
976 1483 1087 1580 itaque

72 1586 265 1660 [ΑΔΓ-τ
278 1586 394 1669 ΑΖΓ,
416 1584 520 1648 maior
538 1587 657 1658 minori
681 1587 805 1675 [Ι,1’6];
829 1590 915 1673 quod
934 1555 1004 1652 fieri
1022 1608 1090 1651 non

71 1690 205 1775 potest'
223 1691 334 1774 itaque
352 1690 474 1774 positio
492 1696 600 1757 rectae
615 1699 683 1758 ΑΔ
700 1716 767 1758 ιιοιι
785 1694 926 1759 mutabit
912 1699 973 1758 tur.
1011 1714 1088 1778 ergo

72 1803 145 1862 ΑΔ
163 1797 330 1881 positione
353 1797 431 1862 data
453 1801 504 1862 est
527 1798 601 1878 [def.
620 1800 666 1878 4].
1101 1806 1104 1812 ’

144 2086 178 2153 Si
202 2111 221 2154 a
243 2090 320 2154 dato
343 2094 465 2172 punoto
489 2091 529 2154 ed
552 2095 674 2154 reotam
692 2091 854 2175 positione
874 2092 983 2156 datam
1001 2095 1090 2156 rectu

73 2195 161 2259 lineo
198 2195 274 2259 duta
309 2195 534 2281 magnitudine
568 2196 756 2282 adducitur,
792 2197 891 2262 etiam
927 2197 1089 2281 positione

32 2378 36 2383 ¹
63 2301 151 2366 'data
173 2301 243 2366 erit.
673 2314 675 2318 '

142 2430 219 2472 nam
246 2431 266 2473 a
292 2409 369 2473 dato
395 2412 518 2493 puncto
546 2415 579 2473 A
611 2409 652 2472 ad
683 2414 806 2474 rectam
834 2412 901 2474 ΒΓ
927 2409 1089 2494 positione

73 2514 186 2579 datam
215 2517 305 2579 reeta
335 2513 421 2577 lineo
452 2513 589 2577 dueatur
617 2514 693 2577 datu
724 2514 957 2600 magnitudine.
1004 2515 1089 2598 dieo,

98 2608 104 2618 ’
571 2641 643 2683 eam
671 2620 770 2684 etiam
792 2619 955 2703 positione
978 2620 1088 2684 datam

571 2747 649 2789 esse.

593 2887 595 2892 .
624 2851 701 2894 nam
726 2835 837 2894 centro
856 2837 897 2917 A,
919 2831 1010 2896 radio
1034 2855 1088 2897 au-

479 2937 524 2990 Γ·
569 2940 636 3001 tem
659 2942 730 3001 AA
762 2937 901 3002 circulus
929 2938 1088 3004 deseribu-

568 3046 624 3106 tur
645 3046 713 3106 ΕΔ
720 3047 755 3108 Ζ
799 3043 964 3129 positione
985 3045 1088 3131 igitur

570 3148 710 3213 circulus
751 3154 860 3214 ΕΔΖ
901 3151 956 3216 dat
941 3155 996 3216 tus
1032 3156 1088 3216 est

573 3253 648 3334 [def.
669 3256 718 3340 6];
749 3277 826 3320 nam
847 3257 958 3321 datum
982 3261 1033 3321 est
1053 3262 1088 3321 A

58 3368 223 3429 eentrnm
255 3360 325 3425 eius‘
356 3325 519 3444 positione
553 3364 586 3424 et
572 3360 727 3426 tredius
748 3367 825 3426 ΑΔ
856 3359 1107 3480 magnitudine

72 3491 189 3536 uerum
212 3466 312 3534 etium
334 3471 402 3531 rect
403 3489 422 3530 a
389 3469 511 3531 tBF
522 3467 694 3554 positione
719 3469 804 3537 dots
821 3473 890 3536 est
926 3466 988 3532 sin
1007 3464 1117 3526 ow
