<?xml version="1.0" encoding="UTF-8"?>
<!DOCTYPE html PUBLIC "-//W3C//DTD XHTML 1.0 Transitional//EN"
    "http://www.w3.org/TR/xhtml1/DTD/xhtml1-transitional.dtd">
<html xmlns="http://www.w3.org/1999/xhtml" xml:lang="en" lang="en">
 <head>
  <title>
</title>
<meta http-equiv="Content-Type" content="text/html;charset=utf-8" />
  <meta name='ocr-system' content='tesseract 3.04.00' />
  <meta name='ocr-capabilities' content='ocr_page ocr_carea ocr_par ocr_line ocrx_word'/>
</head>
<body>
  <div class='ocr_page' id='page_1' title='image "./euclidisoperaom09unkngoog_0081.png"; bbox 0 0 2356 3818; ppageno 0'>
   <div class='ocr_carea' id='block_1_1' title="bbox 85 58 747 176">
    <p class='ocr_par' dir='ltr' id='par_1_1' title="bbox 85 58 747 176">
     <span class='ocr_line' id='line_1_1' title="bbox 85 58 747 176; baseline 0.008 -10"><span class='ocrx_word' id='word_1_1' title='bbox 85 108 89 118; x_wconf 90' lang='lat'>·</span> <span class='ocrx_word' id='word_1_2' title='bbox 143 113 186 176; x_wconf 90' lang='lat'><em>14</em></span> <span class='ocrx_word' id='word_1_3' title='bbox 303 99 306 105; x_wconf 84' lang='lat'>&#39;</span> <span class='ocrx_word' id='word_1_4' title='bbox 474 58 478 65; x_wconf 28' lang='lat'>²</span> <span class='ocrx_word' id='word_1_5' title='bbox 544 118 747 172; x_wconf 71' lang='grc' dir='ltr'><em>εεεοοεεοε.</em></span> 
     </span>
    </p>
   </div>
   <div class='ocr_carea' id='block_1_2' title="bbox 79 255 1165 2364">
    <p class='ocr_par' dir='ltr' id='par_1_2' title="bbox 79 255 1165 2364">
     <span class='ocr_line' id='line_1_2' title="bbox 142 255 1157 352; baseline 0.009 -31"><span class='ocrx_word' id='word_1_6' title='bbox 142 258 266 334; x_wconf 88' lang='grc' dir='ltr'><em>δοθείς.</em></span> <span class='ocrx_word' id='word_1_7' title='bbox 312 255 415 324; x_wconf 75' lang='grc' dir='ltr'><em>δοθὲν</em></span> <span class='ocrx_word' id='word_1_8' title='bbox 447 257 484 324; x_wconf 77' lang='grc' dir='ltr'><em>δὲ</em></span> <span class='ocrx_word' id='word_1_9' title='bbox 510 262 558 346; x_wconf 42' lang='grc' dir='ltr'><em>τὸ,</em></span> <span class='ocrx_word' id='word_1_10' title='bbox 573 266 651 327; x_wconf 88' lang='lat' dir='ltr'><em>AB·</em></span> <span class='ocrx_word' id='word_1_11' title='bbox 685 258 788 327; x_wconf 73' lang='grc' dir='ltr'><em>δοθὲν</em></span> <span class='ocrx_word' id='word_1_12' title='bbox 819 263 883 348; x_wconf 70' lang='grc' dir='ltr'><em>ἄρα</em></span> <span class='ocrx_word' id='word_1_13' title='bbox 914 259 971 327; x_wconf 82' lang='grc' dir='ltr'><em>καὶ</em></span> <span class='ocrx_word' id='word_1_14' title='bbox 999 260 1157 352; x_wconf 72' lang='grc' dir='ltr'><em>ἑκάτερον</em></span> 
     </span>
     <span class='ocr_line' id='line_1_3' title="bbox 139 356 755 476; baseline 0.003 -48"><span class='ocrx_word' id='word_1_15' title='bbox 139 374 209 429; x_wconf 81' lang='grc' dir='ltr'><em>τῶν</em></span> <span class='ocrx_word' id='word_1_16' title='bbox 230 371 263 428; x_wconf 90' lang='grc' dir='ltr'><em>Α</em></span> <span class='ocrx_word' id='word_1_17' title='bbox 269 367 306 448; x_wconf 94' lang='grc' dir='ltr'><em>Γ,</em></span> <span class='ocrx_word' id='word_1_18' title='bbox 326 368 395 429; x_wconf 90' lang='grc' dir='ltr'><em>ΓΒ.</em></span> <span class='ocrx_word' id='word_1_19' title='bbox 649 454 657 476; x_wconf 42' lang='grc' dir='ltr'><strong><em>Ι</em></strong></span> <span class='ocrx_word' id='word_1_20' title='bbox 749 356 755 369; x_wconf 72' lang='grc'>’</span> 
     </span>
     <span class='ocr_line' id='line_1_4' title="bbox 623 480 666 539; baseline 0 -20"><span class='ocrx_word' id='word_1_21' title='bbox 623 480 666 539; x_wconf 90' lang='grc' dir='ltr'><em>η.</em></span> 
     </span>
     <span class='ocr_line' id='line_1_5' title="bbox 213 579 1153 671; baseline 0.007 -29"><span class='ocrx_word' id='word_1_22' title='bbox 213 579 260 642; x_wconf 84' lang='grc' dir='ltr'><em>Τὰ</em></span> <span class='ocrx_word' id='word_1_23' title='bbox 282 580 364 663; x_wconf 84' lang='grc' dir='ltr'><em>πρὸς</em></span> <span class='ocrx_word' id='word_1_24' title='bbox 387 580 424 644; x_wconf 86' lang='grc' dir='ltr'><em>τὸ</em></span> <span class='ocrx_word' id='word_1_25' title='bbox 443 580 523 644; x_wconf 83' lang='grc' dir='ltr'><em>αὐτὸ</em></span> <span class='ocrx_word' id='word_1_26' title='bbox 543 583 643 662; x_wconf 90' lang='grc' dir='ltr'><em>λόγον</em></span> <span class='ocrx_word' id='word_1_27' title='bbox 662 583 778 663; x_wconf 81' lang='grc' dir='ltr'><em>ἔχοντα</em></span> <span class='ocrx_word' id='word_1_28' title='bbox 796 579 977 665; x_wconf 75' lang='grc' dir='ltr'><em>δεδομένον</em></span> <span class='ocrx_word' id='word_1_29' title='bbox 996 580 1153 671; x_wconf 79' lang='grc' dir='ltr'><em>καὶπρὸς</em></span> 
     </span>
     <span class='ocr_line' id='line_1_6' title="bbox 103 684 683 770; baseline 0.005 -23"><span class='ocrx_word' id='word_1_30' title='bbox 103 699 121 748; x_wconf 79' lang='grc' dir='ltr'><em>ο</em></span> <span class='ocrx_word' id='word_1_31' title='bbox 139 685 264 767; x_wconf 81' lang='grc' dir='ltr'><em>ἄλληλα</em></span> <span class='ocrx_word' id='word_1_32' title='bbox 287 688 387 768; x_wconf 92' lang='grc' dir='ltr'><em>λόγον</em></span> <span class='ocrx_word' id='word_1_33' title='bbox 409 684 473 764; x_wconf 78' lang='grc' dir='ltr'><em>ἔξει</em></span> <span class='ocrx_word' id='word_1_34' title='bbox 496 684 683 770; x_wconf 85' lang='grc' dir='ltr'><em>δεδομένον.</em></span> 
     </span>
     <span class='ocr_line' id='line_1_7' title="bbox 207 789 1151 878; baseline 0.005 -23"><span class='ocrx_word' id='word_1_35' title='bbox 207 789 303 874; x_wconf 80' lang='grc' dir='ltr'><em>ἐχέτω</em></span> <span class='ocrx_word' id='word_1_36' title='bbox 331 792 394 878; x_wconf 79' lang='grc' dir='ltr'><em>γὰρ</em></span> <span class='ocrx_word' id='word_1_37' title='bbox 423 789 576 877; x_wconf 76' lang='grc' dir='ltr'><em>ἑκάτερον</em></span> <span class='ocrx_word' id='word_1_38' title='bbox 603 802 670 856; x_wconf 83' lang='grc' dir='ltr'><em>τῶν</em></span> <span class='ocrx_word' id='word_1_39' title='bbox 698 798 740 876; x_wconf 86' lang='grc' dir='ltr'><em>Α,</em></span> <span class='ocrx_word' id='word_1_40' title='bbox 764 795 796 857; x_wconf 91' lang='grc' dir='ltr'>Γ</span> <span class='ocrx_word' id='word_1_41' title='bbox 821 794 904 878; x_wconf 79' lang='grc' dir='ltr'><em>πρὸς</em></span> <span class='ocrx_word' id='word_1_42' title='bbox 930 794 967 857; x_wconf 85' lang='grc' dir='ltr'><em>πὸ</em></span> <span class='ocrx_word' id='word_1_43' title='bbox 990 796 1022 858; x_wconf 82' lang='grc' dir='ltr'><strong><em>Β</em></strong></span> <span class='ocrx_word' id='word_1_44' title='bbox 1051 798 1151 878; x_wconf 86' lang='grc' dir='ltr'><em>λόγον</em></span> 
     </span>
     <span class='ocr_line' id='line_1_8' title="bbox 139 890 1150 984; baseline 0.004 -23"><span class='ocrx_word' id='word_1_45' title='bbox 139 896 331 982; x_wconf 88' lang='grc' dir='ltr'><em>δεδομένον·</em></span> <span class='ocrx_word' id='word_1_46' title='bbox 360 896 455 981; x_wconf 84' lang='grc' dir='ltr'><em>λέγω,</em></span> <span class='ocrx_word' id='word_1_47' title='bbox 478 898 529 962; x_wconf 85' lang='grc' dir='ltr'><em>ότι</em></span> <span class='ocrx_word' id='word_1_48' title='bbox 551 896 606 963; x_wconf 80' lang='grc' dir='ltr'><em>καὶ</em></span> <span class='ocrx_word' id='word_1_49' title='bbox 629 900 665 964; x_wconf 87' lang='grc' dir='ltr'><em>τὸ</em></span> <span class='ocrx_word' id='word_1_50' title='bbox 689 904 721 962; x_wconf 86' lang='lat' dir='ltr'><em>A</em></span> <span class='ocrx_word' id='word_1_51' title='bbox 743 890 826 984; x_wconf 79' lang='grc' dir='ltr'><em>πρὸς</em></span> <span class='ocrx_word' id='word_1_52' title='bbox 848 900 886 964; x_wconf 85' lang='grc' dir='ltr'><em>πὸ</em></span> <span class='ocrx_word' id='word_1_53' title='bbox 910 902 942 963; x_wconf 91' lang='grc' dir='ltr'>Γ</span> <span class='ocrx_word' id='word_1_54' title='bbox 960 902 1067 982; x_wconf 90' lang='grc' dir='ltr'><em>λόγον</em></span> <span class='ocrx_word' id='word_1_55' title='bbox 1090 900 1150 980; x_wconf 73' lang='grc' dir='ltr'><em>ἕξει</em></span> 
     </span>
     <span class='ocr_line' id='line_1_9' title="bbox 137 1002 325 1088; baseline 0.011 -21"><span class='ocrx_word' id='word_1_56' title='bbox 137 1002 325 1088; x_wconf 81' lang='grc' dir='ltr'><em>δεδομένον.</em></span> 
     </span>
     <span class='ocr_line' id='line_1_10' title="bbox 204 1108 1148 1196; baseline 0.005 -23"><span class='ocrx_word' id='word_1_57' title='bbox 204 1112 285 1174; x_wconf 79' lang='grc' dir='ltr'><strong><em>ἔστω</em></strong></span> <span class='ocrx_word' id='word_1_58' title='bbox 309 1110 371 1195; x_wconf 80' lang='grc' dir='ltr'><em>γὰρ</em></span> <span class='ocrx_word' id='word_1_59' title='bbox 395 1109 574 1194; x_wconf 85' lang='grc' dir='ltr'><em>δεδομένον</em></span> <span class='ocrx_word' id='word_1_60' title='bbox 596 1109 737 1194; x_wconf 86' lang='grc' dir='ltr'><em>μέγεθος</em></span> <span class='ocrx_word' id='word_1_61' title='bbox 755 1112 792 1176; x_wconf 88' lang='grc' dir='ltr'><em>τὸ</em></span> <span class='ocrx_word' id='word_1_62' title='bbox 810 1116 851 1175; x_wconf 94' lang='lat' dir='ltr'><em>A.</em></span> <span class='ocrx_word' id='word_1_63' title='bbox 887 1108 942 1175; x_wconf 80' lang='grc' dir='ltr'><em>καὶ</em></span> <span class='ocrx_word' id='word_1_64' title='bbox 961 1109 1032 1177; x_wconf 82' lang='grc' dir='ltr'><em>ἐπεὶ</em></span> <span class='ocrx_word' id='word_1_65' title='bbox 1051 1117 1148 1196; x_wconf 95' lang='grc' dir='ltr'><em>λόγος</em></span> 
     </span>
     <span class='ocr_line' id='line_1_11' title="bbox 83 1213 1146 1305; baseline 0.006 -26"><span class='ocrx_word' id='word_1_66' title='bbox 83 1232 119 1279; x_wconf 91' lang='lat'><em>10</em></span> <span class='ocrx_word' id='word_1_67' title='bbox 138 1213 207 1280; x_wconf 81' lang='grc' dir='ltr'><em>ἐστὶ</em></span> <span class='ocrx_word' id='word_1_68' title='bbox 225 1224 285 1279; x_wconf 86' lang='grc' dir='ltr'><em>τοῦ</em></span> <span class='ocrx_word' id='word_1_69' title='bbox 299 1221 331 1280; x_wconf 85' lang='lat' dir='ltr'><em>A</em></span> <span class='ocrx_word' id='word_1_70' title='bbox 349 1217 432 1300; x_wconf 78' lang='grc' dir='ltr'><em>πρὸς</em></span> <span class='ocrx_word' id='word_1_71' title='bbox 449 1217 486 1281; x_wconf 81' lang='grc' dir='ltr'><em>τὸ</em></span> <span class='ocrx_word' id='word_1_72' title='bbox 500 1220 529 1279; x_wconf 91' lang='grc' dir='ltr'><strong><em>Β</em></strong></span> <span class='ocrx_word' id='word_1_73' title='bbox 549 1218 671 1300; x_wconf 86' lang='grc' dir='ltr'><em>δοθείς,</em></span> <span class='ocrx_word' id='word_1_74' title='bbox 690 1217 708 1282; x_wconf 85' lang='grc' dir='ltr'>ὁ</span> <span class='ocrx_word' id='word_1_75' title='bbox 728 1217 827 1294; x_wconf 82' lang='grc' dir='ltr'><em>αὐτὸς</em></span> <span class='ocrx_word' id='word_1_76' title='bbox 845 1217 933 1305; x_wconf 76' lang='grc' dir='ltr'><strong><em>αὐτῷ</em></strong></span> <span class='ocrx_word' id='word_1_77' title='bbox 951 1221 1146 1302; x_wconf 79' lang='grc' dir='ltr'><em>πεποιήσθω</em></span> 
     </span>
     <span class='ocr_line' id='line_1_12' title="bbox 137 1319 1144 1411; baseline 0.004 -25"><span class='ocrx_word' id='word_1_78' title='bbox 137 1321 155 1386; x_wconf 85' lang='grc' dir='ltr'><em>δ</em></span> <span class='ocrx_word' id='word_1_79' title='bbox 179 1329 239 1385; x_wconf 88' lang='grc' dir='ltr'><em>τοῦ</em></span> <span class='ocrx_word' id='word_1_80' title='bbox 261 1328 294 1385; x_wconf 95' lang='lat' dir='ltr'><em>A</em></span> <span class='ocrx_word' id='word_1_81' title='bbox 316 1323 399 1407; x_wconf 79' lang='grc' dir='ltr'><em>πρὸς</em></span> <span class='ocrx_word' id='word_1_82' title='bbox 421 1323 458 1386; x_wconf 85' lang='grc' dir='ltr'><em>πὸ</em></span> <span class='ocrx_word' id='word_1_83' title='bbox 482 1327 519 1387; x_wconf 89' lang='grc' dir='ltr'><em>Ε.</em></span> <span class='ocrx_word' id='word_1_84' title='bbox 561 1319 664 1388; x_wconf 73' lang='grc' dir='ltr'><em>δοθὲν</em></span> <span class='ocrx_word' id='word_1_85' title='bbox 687 1320 724 1388; x_wconf 73' lang='grc' dir='ltr'><em>δὲ</em></span> <span class='ocrx_word' id='word_1_86' title='bbox 746 1325 784 1388; x_wconf 83' lang='grc' dir='ltr'><em>τὸ</em></span> <span class='ocrx_word' id='word_1_87' title='bbox 806 1329 852 1388; x_wconf 94' lang='lat' dir='ltr'><em>A·</em></span> <span class='ocrx_word' id='word_1_88' title='bbox 876 1320 980 1389; x_wconf 74' lang='grc' dir='ltr'><em>δοθέν</em></span> <span class='ocrx_word' id='word_1_89' title='bbox 1003 1325 1071 1411; x_wconf 76' lang='grc' dir='ltr'><em>ἄρα</em></span> <span class='ocrx_word' id='word_1_90' title='bbox 1094 1322 1144 1391; x_wconf 64' lang='lat' dir='ltr'><em>ml</em></span> 
     </span>
     <span class='ocr_line' id='line_1_13' title="bbox 135 1425 1145 1515; baseline 0.007 -25"><span class='ocrx_word' id='word_1_91' title='bbox 135 1428 173 1491; x_wconf 85' lang='grc' dir='ltr'><em>τὸ</em></span> <span class='ocrx_word' id='word_1_92' title='bbox 192 1432 230 1492; x_wconf 89' lang='grc' dir='ltr'><em>Ε.</em></span> <span class='ocrx_word' id='word_1_93' title='bbox 266 1428 377 1510; x_wconf 80' lang='grc' dir='ltr'><em>πόλιν,</em></span> <span class='ocrx_word' id='word_1_94' title='bbox 401 1425 469 1492; x_wconf 82' lang='grc' dir='ltr'><em>ἐπεὶ</em></span> <span class='ocrx_word' id='word_1_95' title='bbox 487 1431 585 1511; x_wconf 80' lang='grc' dir='ltr'><em>λόγος</em></span> <span class='ocrx_word' id='word_1_96' title='bbox 603 1426 671 1494; x_wconf 79' lang='grc' dir='ltr'><em>ἐστὶ</em></span> <span class='ocrx_word' id='word_1_97' title='bbox 689 1433 791 1494; x_wconf 85' lang='grc' dir='ltr'><em>ποῦΒ</em></span> <span class='ocrx_word' id='word_1_98' title='bbox 815 1430 897 1515; x_wconf 79' lang='grc' dir='ltr'><em>πρὸς</em></span> <span class='ocrx_word' id='word_1_99' title='bbox 914 1430 951 1494; x_wconf 83' lang='grc' dir='ltr'><em>τὸ</em></span> <span class='ocrx_word' id='word_1_100' title='bbox 969 1432 1002 1494; x_wconf 95' lang='grc' dir='ltr'><strong><em>Γ</em></strong></span> <span class='ocrx_word' id='word_1_101' title='bbox 1021 1431 1145 1515; x_wconf 84' lang='grc' dir='ltr'><em>δοθείς,</em></span> 
     </span>
     <span class='ocr_line' id='line_1_14' title="bbox 134 1533 1143 1622; baseline 0.006 -25"><span class='ocrx_word' id='word_1_102' title='bbox 134 1533 153 1598; x_wconf 86' lang='grc' dir='ltr'><strong>ὁ</strong></span> <span class='ocrx_word' id='word_1_103' title='bbox 177 1533 276 1610; x_wconf 82' lang='grc' dir='ltr'><em>αὐτὸς</em></span> <span class='ocrx_word' id='word_1_104' title='bbox 298 1534 387 1622; x_wconf 77' lang='grc' dir='ltr'><strong>αὐτῷ</strong></span> <span class='ocrx_word' id='word_1_105' title='bbox 410 1536 603 1617; x_wconf 78' lang='grc' dir='ltr'><em>πεποιήσθω</em></span> <span class='ocrx_word' id='word_1_106' title='bbox 627 1535 645 1601; x_wconf 84' lang='grc' dir='ltr'><em>δ</em></span> <span class='ocrx_word' id='word_1_107' title='bbox 667 1544 727 1600; x_wconf 87' lang='grc' dir='ltr'><em>τοῦ</em></span> <span class='ocrx_word' id='word_1_108' title='bbox 750 1540 782 1600; x_wconf 87' lang='grc' dir='ltr'><em>Ε</em></span> <span class='ocrx_word' id='word_1_109' title='bbox 801 1537 884 1620; x_wconf 78' lang='grc' dir='ltr'><em>πρὸς</em></span> <span class='ocrx_word' id='word_1_110' title='bbox 905 1537 943 1600; x_wconf 85' lang='grc' dir='ltr'><em>τὸ</em></span> <span class='ocrx_word' id='word_1_111' title='bbox 968 1540 1006 1600; x_wconf 91' lang='grc' dir='ltr'><em>Ζ.</em></span> <span class='ocrx_word' id='word_1_112' title='bbox 1042 1534 1143 1603; x_wconf 74' lang='grc' dir='ltr'><em>δοθδν</em></span> 
     </span>
     <span class='ocr_line' id='line_1_15' title="bbox 137 1636 1143 1726; baseline 0.006 -22"><span class='ocrx_word' id='word_1_113' title='bbox 137 1636 172 1704; x_wconf 73' lang='grc' dir='ltr'><em>δὲ</em></span> <span class='ocrx_word' id='word_1_114' title='bbox 205 1642 241 1706; x_wconf 88' lang='grc' dir='ltr'><em>τὸ</em></span> <span class='ocrx_word' id='word_1_115' title='bbox 269 1646 311 1706; x_wconf 90' lang='grc' dir='ltr'><em>Ε·</em></span> <span class='ocrx_word' id='word_1_116' title='bbox 349 1637 452 1707; x_wconf 74' lang='grc' dir='ltr'><em>δοθὲν</em></span> <span class='ocrx_word' id='word_1_117' title='bbox 479 1643 543 1726; x_wconf 74' lang='grc' dir='ltr'><em>ἄρα</em></span> <span class='ocrx_word' id='word_1_118' title='bbox 569 1639 624 1705; x_wconf 80' lang='grc' dir='ltr'><em>καὶ</em></span> <span class='ocrx_word' id='word_1_119' title='bbox 657 1643 694 1707; x_wconf 87' lang='grc' dir='ltr'><em>τὸ</em></span> <span class='ocrx_word' id='word_1_120' title='bbox 723 1647 759 1706; x_wconf 90' lang='grc' dir='ltr'><em>Ζ.</em></span> <span class='ocrx_word' id='word_1_121' title='bbox 805 1645 874 1707; x_wconf 82' lang='grc' dir='ltr'><em>ἔστι</em></span> <span class='ocrx_word' id='word_1_122' title='bbox 902 1638 938 1706; x_wconf 71' lang='grc' dir='ltr'><em>δὲ</em></span> <span class='ocrx_word' id='word_1_123' title='bbox 965 1641 1022 1708; x_wconf 82' lang='grc' dir='ltr'><em>καὶ</em></span> <span class='ocrx_word' id='word_1_124' title='bbox 1049 1646 1089 1710; x_wconf 85' lang='grc' dir='ltr'><em>τὸ</em></span> <span class='ocrx_word' id='word_1_125' title='bbox 1113 1648 1143 1709; x_wconf 87' lang='grc' dir='ltr'><em>Δ</em></span> 
     </span>
     <span class='ocr_line' id='line_1_16' title="bbox 82 1746 1142 1834; baseline 0.004 -23"><span class='ocrx_word' id='word_1_126' title='bbox 82 1763 115 1811; x_wconf 82' lang='lat'><em>15</em></span> <span class='ocrx_word' id='word_1_127' title='bbox 135 1746 251 1812; x_wconf 88' lang='grc' dir='ltr'><em>δοθέν·</em></span> <span class='ocrx_word' id='word_1_128' title='bbox 276 1751 373 1831; x_wconf 91' lang='grc' dir='ltr'><em>λόγος</em></span> <span class='ocrx_word' id='word_1_129' title='bbox 396 1750 460 1834; x_wconf 77' lang='grc' dir='ltr'><em>ἄρα</em></span> <span class='ocrx_word' id='word_1_130' title='bbox 482 1757 542 1813; x_wconf 83' lang='grc' dir='ltr'><em>τοῦ</em></span> <span class='ocrx_word' id='word_1_131' title='bbox 564 1753 598 1817; x_wconf 91' lang='lat' dir='ltr'><em>A</em></span> <span class='ocrx_word' id='word_1_132' title='bbox 619 1749 703 1833; x_wconf 84' lang='grc' dir='ltr'><em>πρὸς</em></span> <span class='ocrx_word' id='word_1_133' title='bbox 725 1750 762 1812; x_wconf 84' lang='grc' dir='ltr'><em>τὸ</em></span> <span class='ocrx_word' id='word_1_134' title='bbox 786 1752 814 1813; x_wconf 91' lang='grc' dir='ltr'><strong>Ζ</strong></span> <span class='ocrx_word' id='word_1_135' title='bbox 838 1746 906 1813; x_wconf 83' lang='grc' dir='ltr'><strong><em>ἐστι</em></strong></span> <span class='ocrx_word' id='word_1_136' title='bbox 929 1749 1057 1826; x_wconf 87' lang='grc' dir='ltr'><em>δοθείς.</em></span> <span class='ocrx_word' id='word_1_137' title='bbox 1090 1746 1142 1815; x_wconf 66' lang='lat' dir='ltr'><em>nal</em></span> 
     </span>
     <span class='ocr_line' id='line_1_17' title="bbox 134 1851 1165 1943; baseline 0.003 -25"><span class='ocrx_word' id='word_1_138' title='bbox 134 1853 207 1919; x_wconf 85' lang='grc' dir='ltr'><em>έπεί</em></span> <span class='ocrx_word' id='word_1_139' title='bbox 227 1853 317 1920; x_wconf 82' lang='grc' dir='ltr'><em>ἐστιν</em></span> <span class='ocrx_word' id='word_1_140' title='bbox 340 1855 385 1930; x_wconf 81' lang='grc' dir='ltr'><em>ὡς</em></span> <span class='ocrx_word' id='word_1_141' title='bbox 407 1851 467 1938; x_wconf 74' lang='grc' dir='ltr'><em>μὲν</em></span> <span class='ocrx_word' id='word_1_142' title='bbox 490 1855 526 1919; x_wconf 88' lang='grc' dir='ltr'><em>τὸ</em></span> <span class='ocrx_word' id='word_1_143' title='bbox 545 1862 578 1919; x_wconf 90' lang='grc' dir='ltr'><em>Α</em></span> <span class='ocrx_word' id='word_1_144' title='bbox 600 1856 683 1936; x_wconf 83' lang='grc' dir='ltr'><em>πρὸς</em></span> <span class='ocrx_word' id='word_1_145' title='bbox 705 1855 742 1922; x_wconf 78' lang='grc' dir='ltr'><em>πὸ</em></span> <span class='ocrx_word' id='word_1_146' title='bbox 761 1859 799 1939; x_wconf 87' lang='grc' dir='ltr'><em>Β,</em></span> <span class='ocrx_word' id='word_1_147' title='bbox 822 1854 928 1930; x_wconf 77' lang='grc' dir='ltr'><em>οὕτως</em></span> <span class='ocrx_word' id='word_1_148' title='bbox 949 1855 987 1919; x_wconf 85' lang='grc' dir='ltr'><em>πὸ</em></span> <span class='ocrx_word' id='word_1_149' title='bbox 1005 1862 1041 1919; x_wconf 95' lang='lat' dir='ltr'><em>A</em></span> <span class='ocrx_word' id='word_1_150' title='bbox 1062 1856 1165 1943; x_wconf 67' lang='lat' dir='ltr'><strong><em>nobe·</em></strong></span> 
     </span>
     <span class='ocr_line' id='line_1_18' title="bbox 135 1957 1142 2047; baseline 0.004 -23"><span class='ocrx_word' id='word_1_151' title='bbox 135 1962 172 2024; x_wconf 85' lang='grc' dir='ltr'><em>τὸ</em></span> <span class='ocrx_word' id='word_1_152' title='bbox 192 1965 232 2043; x_wconf 86' lang='grc' dir='ltr'><em>Ε,</em></span> <span class='ocrx_word' id='word_1_153' title='bbox 255 1961 300 2036; x_wconf 84' lang='grc' dir='ltr'><em>ὡς</em></span> <span class='ocrx_word' id='word_1_154' title='bbox 323 1957 359 2025; x_wconf 69' lang='grc' dir='ltr'><em>δὲ</em></span> <span class='ocrx_word' id='word_1_155' title='bbox 382 1962 419 2026; x_wconf 87' lang='grc' dir='ltr'><em>τὸ</em></span> <span class='ocrx_word' id='word_1_156' title='bbox 439 1965 467 2024; x_wconf 94' lang='grc' dir='ltr'><strong>Β</strong></span> <span class='ocrx_word' id='word_1_157' title='bbox 489 1962 573 2045; x_wconf 81' lang='grc' dir='ltr'><em>πρὸς</em></span> <span class='ocrx_word' id='word_1_158' title='bbox 595 1962 632 2024; x_wconf 84' lang='grc' dir='ltr'><em>τὸ</em></span> <span class='ocrx_word' id='word_1_159' title='bbox 652 1963 689 2044; x_wconf 98' lang='grc' dir='ltr'><em>Γ,</em></span> <span class='ocrx_word' id='word_1_160' title='bbox 713 1960 817 2036; x_wconf 82' lang='grc' dir='ltr'><em>οὕτως</em></span> <span class='ocrx_word' id='word_1_161' title='bbox 839 1962 876 2025; x_wconf 84' lang='grc' dir='ltr'><em>τὸ</em></span> <span class='ocrx_word' id='word_1_162' title='bbox 896 1965 927 2024; x_wconf 85' lang='grc' dir='ltr'><em>Ε</em></span> <span class='ocrx_word' id='word_1_163' title='bbox 946 1962 1032 2045; x_wconf 83' lang='grc' dir='ltr'><em>πρὸς</em></span> <span class='ocrx_word' id='word_1_164' title='bbox 1050 1964 1142 2047; x_wconf 54' lang='grc' dir='ltr'><em>πὸᾈ</em></span> 
     </span>
     <span class='ocr_line' id='line_1_19' title="bbox 135 2064 1139 2152; baseline 0.005 -23"><span class='ocrx_word' id='word_1_165' title='bbox 135 2066 244 2130; x_wconf 86' lang='grc' dir='ltr'><em>διΐσου</em></span> <span class='ocrx_word' id='word_1_166' title='bbox 273 2068 338 2147; x_wconf 77' lang='grc' dir='ltr'><em>ἄρα</em></span> <span class='ocrx_word' id='word_1_167' title='bbox 359 2064 454 2130; x_wconf 68' lang='grc' dir='ltr'><em>ἐστὶν</em></span> <span class='ocrx_word' id='word_1_168' title='bbox 475 2064 526 2152; x_wconf 58' lang='grc' dir='ltr'><em>ζὼς</em></span> <span class='ocrx_word' id='word_1_169' title='bbox 552 2068 589 2130; x_wconf 89' lang='grc' dir='ltr'><em>τὸ</em></span> <span class='ocrx_word' id='word_1_170' title='bbox 612 2071 645 2130; x_wconf 88' lang='grc' dir='ltr'><em>Α</em></span> <span class='ocrx_word' id='word_1_171' title='bbox 675 2068 759 2152; x_wconf 75' lang='grc' dir='ltr'><em>πρὸς</em></span> <span class='ocrx_word' id='word_1_172' title='bbox 784 2068 821 2131; x_wconf 87' lang='grc' dir='ltr'><em>τὸ</em></span> <span class='ocrx_word' id='word_1_173' title='bbox 849 2070 885 2151; x_wconf 92' lang='grc' dir='ltr'><em>Γ,</em></span> <span class='ocrx_word' id='word_1_174' title='bbox 917 2067 1023 2143; x_wconf 78' lang='grc' dir='ltr'><em>οὕτως</em></span> <span class='ocrx_word' id='word_1_175' title='bbox 1051 2070 1139 2135; x_wconf 86' lang='grc' dir='ltr'><em>τδΔ</em></span> 
     </span>
     <span class='ocr_line' id='line_1_20' title="bbox 132 2168 1140 2258; baseline 0.004 -21"><span class='ocrx_word' id='word_1_176' title='bbox 132 2173 215 2256; x_wconf 83' lang='grc' dir='ltr'><em>πρὸς</em></span> <span class='ocrx_word' id='word_1_177' title='bbox 238 2173 274 2236; x_wconf 81' lang='grc' dir='ltr'><em>τὸ</em></span> <span class='ocrx_word' id='word_1_178' title='bbox 295 2177 331 2236; x_wconf 90' lang='grc' dir='ltr'><em>Ζ.</em></span> <span class='ocrx_word' id='word_1_179' title='bbox 368 2174 466 2253; x_wconf 88' lang='grc' dir='ltr'><em>λόγος</em></span> <span class='ocrx_word' id='word_1_180' title='bbox 489 2168 525 2235; x_wconf 69' lang='grc' dir='ltr'><em>δὲ</em></span> <span class='ocrx_word' id='word_1_181' title='bbox 548 2180 607 2235; x_wconf 81' lang='grc' dir='ltr'><em>’τοῦ</em></span> <span class='ocrx_word' id='word_1_182' title='bbox 625 2177 659 2236; x_wconf 93' lang='lat' dir='ltr'><em>A</em></span> <span class='ocrx_word' id='word_1_183' title='bbox 680 2174 763 2257; x_wconf 80' lang='grc' dir='ltr'><em>πρὸς</em></span> <span class='ocrx_word' id='word_1_184' title='bbox 785 2175 822 2238; x_wconf 86' lang='grc' dir='ltr'><em>τὸ</em></span> <span class='ocrx_word' id='word_1_185' title='bbox 843 2178 871 2237; x_wconf 91' lang='grc' dir='ltr'>Ζ</span> <span class='ocrx_word' id='word_1_186' title='bbox 893 2174 1021 2250; x_wconf 86' lang='grc' dir='ltr'><em>δοθείς·</em></span> <span class='ocrx_word' id='word_1_187' title='bbox 1046 2178 1140 2258; x_wconf 84' lang='grc' dir='ltr'><em>λόγος</em></span> 
     </span>
     <span class='ocr_line' id='line_1_21' title="bbox 79 2274 772 2364; baseline 0.001 -22"><span class='ocrx_word' id='word_1_188' title='bbox 79 2293 113 2342; x_wconf 79' lang='lat'><em>20</em></span> <span class='ocrx_word' id='word_1_189' title='bbox 133 2281 197 2364; x_wconf 74' lang='grc' dir='ltr'><em>ἄρα</em></span> <span class='ocrx_word' id='word_1_190' title='bbox 219 2274 274 2341; x_wconf 86' lang='grc' dir='ltr'><em>καὶ</em></span> <span class='ocrx_word' id='word_1_191' title='bbox 297 2286 356 2342; x_wconf 85' lang='grc' dir='ltr'><em>τοῦ</em></span> <span class='ocrx_word' id='word_1_192' title='bbox 379 2284 412 2341; x_wconf 90' lang='grc' dir='ltr'><em>Α</em></span> <span class='ocrx_word' id='word_1_193' title='bbox 434 2279 516 2364; x_wconf 78' lang='grc' dir='ltr'><em>πρὸς</em></span> <span class='ocrx_word' id='word_1_194' title='bbox 538 2279 575 2343; x_wconf 84' lang='grc' dir='ltr'><em>τὸ</em></span> <span class='ocrx_word' id='word_1_195' title='bbox 601 2281 633 2342; x_wconf 96' lang='grc' dir='ltr'>Γ</span> <span class='ocrx_word' id='word_1_196' title='bbox 650 2279 772 2354; x_wconf 88' lang='grc' dir='ltr'><em>δοθείς.</em></span> 
     </span>
    </p>
   </div>
   <div class='ocr_carea' id='block_1_3' title="bbox 73 2473 1152 3110">
    <p class='ocr_par' dir='ltr' id='par_1_3' title="bbox 612 2473 660 2540">
     <span class='ocr_line' id='line_1_22' title="bbox 612 2473 660 2540; baseline -0.021 0"><span class='ocrx_word' id='word_1_197' title='bbox 612 2473 660 2540; x_wconf 76' lang='grc' dir='ltr'><em>θ’.</em></span> 
     </span>
    </p>

    <p class='ocr_par' dir='ltr' id='par_1_4' title="bbox 129 2596 1152 2897">
     <span class='ocr_line' id='line_1_23' title="bbox 195 2596 1152 2686; baseline 0.003 -23"><span class='ocrx_word' id='word_1_198' title='bbox 195 2596 270 2664; x_wconf 81' lang='grc' dir='ltr'><em>Ἐὰν</em></span> <span class='ocrx_word' id='word_1_199' title='bbox 294 2600 355 2663; x_wconf 87' lang='grc' dir='ltr'><em>δύο</em></span> <span class='ocrx_word' id='word_1_200' title='bbox 379 2597 399 2681; x_wconf 76' lang='grc' dir='ltr'><em>ἢ</em></span> <span class='ocrx_word' id='word_1_201' title='bbox 419 2604 555 2664; x_wconf 83' lang='grc' dir='ltr'><em>πλείονα</em></span> <span class='ocrx_word' id='word_1_202' title='bbox 574 2597 696 2683; x_wconf 87' lang='grc' dir='ltr'><em>μεγέθη</em></span> <span class='ocrx_word' id='word_1_203' title='bbox 719 2599 802 2684; x_wconf 79' lang='grc' dir='ltr'><em>πρὸς</em></span> <span class='ocrx_word' id='word_1_204' title='bbox 820 2600 944 2681; x_wconf 75' lang='grc' dir='ltr'><em>ἄλληλα</em></span> <span class='ocrx_word' id='word_1_205' title='bbox 963 2602 1068 2682; x_wconf 91' lang='grc' dir='ltr'><em>λόγον</em></span> <span class='ocrx_word' id='word_1_206' title='bbox 1086 2603 1152 2686; x_wconf 80' lang='grc' dir='ltr'><em>ἔχη·</em></span> 
     </span>
     <span class='ocr_line' id='line_1_24' title="bbox 130 2703 1139 2792; baseline 0.003 -22"><span class='ocrx_word' id='word_1_207' title='bbox 130 2704 324 2790; x_wconf 87' lang='grc' dir='ltr'><em>δεδομένον,</em></span> <span class='ocrx_word' id='word_1_208' title='bbox 357 2708 412 2790; x_wconf 80' lang='grc' dir='ltr'><em>ἔχη</em></span> <span class='ocrx_word' id='word_1_209' title='bbox 446 2703 482 2769; x_wconf 75' lang='grc' dir='ltr'><em>δὲ</em></span> <span class='ocrx_word' id='word_1_210' title='bbox 513 2706 553 2769; x_wconf 82' lang='grc' dir='ltr'><em>τὰ</em></span> <span class='ocrx_word' id='word_1_211' title='bbox 585 2705 668 2769; x_wconf 82' lang='grc' dir='ltr'><em>αὐτὰ</em></span> <span class='ocrx_word' id='word_1_212' title='bbox 695 2703 817 2789; x_wconf 81' lang='grc' dir='ltr'><em>μεγέθη</em></span> <span class='ocrx_word' id='word_1_213' title='bbox 844 2705 928 2792; x_wconf 81' lang='grc' dir='ltr'><em>πρὸς</em></span> <span class='ocrx_word' id='word_1_214' title='bbox 954 2706 1039 2771; x_wconf 76' lang='grc' dir='ltr'><em>ἄλλα</em></span> <span class='ocrx_word' id='word_1_215' title='bbox 1068 2707 1139 2773; x_wconf 75' lang='grc' dir='ltr'><em>τινὰ</em></span> 
     </span>
     <span class='ocr_line' id='line_1_25' title="bbox 129 2809 1139 2897; baseline 0.003 -21"><span class='ocrx_word' id='word_1_216' title='bbox 129 2810 253 2896; x_wconf 81' lang='grc' dir='ltr'><em>μεγέθη</em></span> <span class='ocrx_word' id='word_1_217' title='bbox 286 2814 406 2894; x_wconf 83' lang='grc' dir='ltr'><em>λόγους</em></span> <span class='ocrx_word' id='word_1_218' title='bbox 439 2809 651 2895; x_wconf 87' lang='grc' dir='ltr'><em>δεδομένους,</em></span> <span class='ocrx_word' id='word_1_219' title='bbox 683 2812 715 2875; x_wconf 74' lang='grc' dir='ltr'><em>εἰ</em></span> <span class='ocrx_word' id='word_1_220' title='bbox 743 2810 798 2875; x_wconf 80' lang='grc' dir='ltr'><em>καὶ</em></span> <span class='ocrx_word' id='word_1_221' title='bbox 830 2813 874 2895; x_wconf 84' lang='grc' dir='ltr'><em>μὴ</em></span> <span class='ocrx_word' id='word_1_222' title='bbox 902 2812 980 2887; x_wconf 82' lang='grc' dir='ltr'><em>τοὺς</em></span> <span class='ocrx_word' id='word_1_223' title='bbox 1005 2812 1139 2897; x_wconf 81' lang='grc' dir='ltr'><em>αὐτούς,</em></span> 
     </span>
    </p>

    <p class='ocr_par' dir='ltr' id='par_1_5' title="bbox 73 2915 1139 3110">
     <span class='ocr_line' id='line_1_26' title="bbox 73 2915 1139 3004; baseline 0.004 -25"><span class='ocrx_word' id='word_1_224' title='bbox 73 2930 109 2979; x_wconf 74' lang='lat'><em>25</em></span> <span class='ocrx_word' id='word_1_225' title='bbox 128 2916 262 3004; x_wconf 77' lang='grc' dir='ltr'><em>κᾴκεϊνα</em></span> <span class='ocrx_word' id='word_1_226' title='bbox 280 2919 320 2982; x_wconf 80' lang='grc' dir='ltr'><em>τὰ</em></span> <span class='ocrx_word' id='word_1_227' title='bbox 339 2915 462 3001; x_wconf 90' lang='grc' dir='ltr'><em>μεγέθη</em></span> <span class='ocrx_word' id='word_1_228' title='bbox 480 2918 563 3001; x_wconf 80' lang='grc' dir='ltr'><em>πρὸς</em></span> <span class='ocrx_word' id='word_1_229' title='bbox 580 2918 704 3000; x_wconf 76' lang='grc' dir='ltr'><em>ἄλληλα</em></span> <span class='ocrx_word' id='word_1_230' title='bbox 717 2920 839 3000; x_wconf 81' lang='grc' dir='ltr'><em>λόγους</em></span> <span class='ocrx_word' id='word_1_231' title='bbox 852 2916 915 2995; x_wconf 76' lang='grc' dir='ltr'><em>ἕξει</em></span> <span class='ocrx_word' id='word_1_232' title='bbox 929 2917 1139 3003; x_wconf 88' lang='grc' dir='ltr'><em>δεδομένους.</em></span> 
     </span>
     <span class='ocr_line' id='line_1_27' title="bbox 196 3017 1139 3110; baseline 0.005 -23"><span class='ocrx_word' id='word_1_233' title='bbox 196 3017 257 3087; x_wconf 89' lang='grc' dir='ltr'><em>δύο</em></span> <span class='ocrx_word' id='word_1_234' title='bbox 277 3024 339 3109; x_wconf 79' lang='grc' dir='ltr'><em>γὰρ</em></span> <span class='ocrx_word' id='word_1_235' title='bbox 358 3022 378 3105; x_wconf 79' lang='grc' dir='ltr'><em>ἢ</em></span> <span class='ocrx_word' id='word_1_236' title='bbox 396 3028 532 3088; x_wconf 87' lang='grc' dir='ltr'><em>πλείονα</em></span> <span class='ocrx_word' id='word_1_237' title='bbox 550 3021 674 3107; x_wconf 88' lang='grc' dir='ltr'><em>μεγέθη</em></span> <span class='ocrx_word' id='word_1_238' title='bbox 693 3025 733 3087; x_wconf 81' lang='grc' dir='ltr'><em>τὰ</em></span> <span class='ocrx_word' id='word_1_239' title='bbox 751 3028 793 3107; x_wconf 88' lang='grc' dir='ltr'><em>Α,</em></span> <span class='ocrx_word' id='word_1_240' title='bbox 808 3029 847 3108; x_wconf 87' lang='grc' dir='ltr'><em>Β,</em></span> <span class='ocrx_word' id='word_1_241' title='bbox 862 3026 899 3093; x_wconf 84' lang='grc' dir='ltr'><em>Γ,</em></span> <span class='ocrx_word' id='word_1_242' title='bbox 911 3025 993 3109; x_wconf 84' lang='grc' dir='ltr'><em>πρὸς</em></span> <span class='ocrx_word' id='word_1_243' title='bbox 1012 3026 1139 3110; x_wconf 77' lang='grc' dir='ltr'><em>ἄλληλα</em></span> 
     </span>
    </p>
   </div>
   <div class='ocr_carea' id='block_1_4' title="bbox 125 3246 1137 3459">
    <p class='ocr_par' dir='ltr' id='par_1_6' title="bbox 125 3246 1137 3459">
     <span class='ocr_line' id='line_1_28' title="bbox 165 3246 1137 3322; baseline 0.007 -21"><span class='ocrx_word' id='word_1_244' title='bbox 165 3302 170 3313; x_wconf 71' lang='grc'>,</span> <span class='ocrx_word' id='word_1_245' title='bbox 201 3256 224 3304; x_wconf 94' lang='grc'><em>1.</em></span> <span class='ocrx_word' id='word_1_246' title='bbox 249 3246 309 3321; x_wconf 71' lang='lat' dir='ltr'><em>nat]</em></span> <span class='ocrx_word' id='word_1_247' title='bbox 329 3265 382 3303; x_wconf 83' lang='lat' dir='ltr'><em>om.</em></span> <span class='ocrx_word' id='word_1_248' title='bbox 403 3265 428 3304; x_wconf 78' lang='lat' dir='ltr'><em>a.</em></span> <span class='ocrx_word' id='word_1_249' title='bbox 502 3255 525 3304; x_wconf 80' lang='grc' dir='ltr'><em>ὅ,</em></span> <span class='ocrx_word' id='word_1_250' title='bbox 551 3248 605 3321; x_wconf 75' lang='grc' dir='ltr'><em>ἔχει</em></span> <span class='ocrx_word' id='word_1_251' title='bbox 624 3253 650 3322; x_wconf 80' lang='grc' dir='ltr'><em>β,</em></span> <span class='ocrx_word' id='word_1_252' title='bbox 706 3256 747 3305; x_wconf 88' lang='grc'><em>’9.</em></span> <span class='ocrx_word' id='word_1_253' title='bbox 773 3250 851 3321; x_wconf 75' lang='grc' dir='ltr'><strong>ἔστω]</strong></span> <span class='ocrx_word' id='word_1_254' title='bbox 869 3248 974 3305; x_wconf 78' lang='grc' dir='ltr'><em>κείσθω</em></span> <span class='ocrx_word' id='word_1_255' title='bbox 993 3267 1020 3306; x_wconf 84' lang='lat' dir='ltr'><em>a.</em></span> <span class='ocrx_word' id='word_1_256' title='bbox 1097 3258 1137 3308; x_wconf 65' lang='lat'><em>12.</em></span> 
     </span>
     <span class='ocr_line' id='line_1_29' title="bbox 126 3318 1137 3394; baseline 0.005 -19"><span class='ocrx_word' id='word_1_257' title='bbox 126 3318 201 3375; x_wconf 80' lang='grc' dir='ltr'><em>ἐστίν</em></span> <span class='ocrx_word' id='word_1_258' title='bbox 216 3337 241 3375; x_wconf 80' lang='lat' dir='ltr'><em>a.</em></span> <span class='ocrx_word' id='word_1_259' title='bbox 308 3321 347 3391; x_wconf 89' lang='grc' dir='ltr'><em>Γ]</em></span> <span class='ocrx_word' id='word_1_260' title='bbox 368 3324 417 3375; x_wconf 88' lang='grc' dir='ltr'><em>ΓΔ</em></span> <span class='ocrx_word' id='word_1_261' title='bbox 431 3336 456 3374; x_wconf 73' lang='lat' dir='ltr'><em>a.</em></span> <span class='ocrx_word' id='word_1_262' title='bbox 520 3326 561 3376; x_wconf 88' lang='grc'><em>13.</em></span> <span class='ocrx_word' id='word_1_263' title='bbox 581 3321 649 3376; x_wconf 77' lang='lat' dir='ltr'><strong>Post</strong></span> <span class='ocrx_word' id='word_1_264' title='bbox 669 3327 690 3376; x_wconf 91' lang='lat' dir='ltr'>Z</span> <span class='ocrx_word' id='word_1_265' title='bbox 709 3321 773 3376; x_wconf 76' lang='lat' dir='ltr'><strong>add.</strong></span> <span class='ocrx_word' id='word_1_266' title='bbox 793 3319 891 3384; x_wconf 81' lang='grc' dir='ltr'><em>δοθείς</em></span> <span class='ocrx_word' id='word_1_267' title='bbox 908 3322 961 3390; x_wconf 81' lang='lat' dir='ltr'><em>Pv,</em></span> <span class='ocrx_word' id='word_1_268' title='bbox 980 3321 1063 3393; x_wconf 87' lang='grc' dir='ltr'><em>λόγος</em></span> <span class='ocrx_word' id='word_1_269' title='bbox 1082 3324 1137 3394; x_wconf 74' lang='grc' dir='ltr'><em>ἄρα</em></span> 
     </span>
     <span class='ocr_line' id='line_1_30' title="bbox 125 3391 1137 3459; baseline 0.003 -13"><span class='ocrx_word' id='word_1_270' title='bbox 125 3392 175 3446; x_wconf 71' lang='grc' dir='ltr'><em>καὶ</em></span> <span class='ocrx_word' id='word_1_271' title='bbox 194 3391 209 3447; x_wconf 88' lang='grc' dir='ltr'><em>ό</em></span> <span class='ocrx_word' id='word_1_272' title='bbox 227 3398 278 3446; x_wconf 81' lang='grc' dir='ltr'><em>τοῦ</em></span> <span class='ocrx_word' id='word_1_273' title='bbox 297 3394 323 3447; x_wconf 89' lang='grc' dir='ltr'><strong>Ε</strong></span> <span class='ocrx_word' id='word_1_274' title='bbox 345 3391 415 3459; x_wconf 85' lang='grc' dir='ltr'><em>πρὸς</em></span> <span class='ocrx_word' id='word_1_275' title='bbox 433 3391 464 3446; x_wconf 85' lang='grc' dir='ltr'><em>τὸ</em></span> <span class='ocrx_word' id='word_1_276' title='bbox 486 3395 507 3446; x_wconf 94' lang='grc' dir='ltr'>Ζ</span> <span class='ocrx_word' id='word_1_277' title='bbox 528 3391 626 3454; x_wconf 83' lang='grc' dir='ltr'><em>δοθείς</em></span> <span class='ocrx_word' id='word_1_278' title='bbox 649 3411 673 3449; x_wconf 82' lang='lat' dir='ltr'><em>a.</em></span> <span class='ocrx_word' id='word_1_279' title='bbox 760 3399 801 3447; x_wconf 89' lang='grc'><em>14.</em></span> <span class='ocrx_word' id='word_1_280' title='bbox 827 3392 899 3447; x_wconf 73' lang='grc' dir='ltr'><em>ἔστιν</em></span> <span class='ocrx_word' id='word_1_281' title='bbox 918 3392 970 3448; x_wconf 85' lang='lat' dir='ltr'><em>Pv.</em></span> <span class='ocrx_word' id='word_1_282' title='bbox 1059 3392 1137 3451; x_wconf 80' lang='grc' dir='ltr'><em>16.δ</em></span> 
     </span>
    </p>
   </div>
   <div class='ocr_carea' id='block_1_5' title="bbox 124 3461 1137 3534">
    <p class='ocr_par' dir='ltr' id='par_1_7' title="bbox 124 3461 1137 3534">
     <span class='ocr_line' id='line_1_31' title="bbox 124 3461 1137 3534; baseline 0.005 -18"><span class='ocrx_word' id='word_1_283' title='bbox 124 3470 175 3519; x_wconf 80' lang='grc' dir='ltr'><em>ποθ</em></span> <span class='ocrx_word' id='word_1_284' title='bbox 194 3480 219 3518; x_wconf 82' lang='lat' dir='ltr'><em>a.</em></span> <span class='ocrx_word' id='word_1_285' title='bbox 307 3461 380 3518; x_wconf 77' lang='grc' dir='ltr'><em>ἐστίν</em></span> <span class='ocrx_word' id='word_1_286' title='bbox 399 3463 451 3519; x_wconf 83' lang='lat' dir='ltr'><em>Pv.</em></span> <span class='ocrx_word' id='word_1_287' title='bbox 540 3471 580 3518; x_wconf 88' lang='lat'><em>16.</em></span> <span class='ocrx_word' id='word_1_288' title='bbox 605 3464 676 3518; x_wconf 82' lang='grc' dir='ltr'><em>τὸΑ</em></span> <span class='ocrx_word' id='word_1_289' title='bbox 699 3464 768 3532; x_wconf 83' lang='grc' dir='ltr'><em>πρὸς</em></span> <span class='ocrx_word' id='word_1_290' title='bbox 786 3464 817 3518; x_wconf 80' lang='grc' dir='ltr'><em>εδ</em></span> <span class='ocrx_word' id='word_1_291' title='bbox 837 3465 870 3534; x_wconf 82' lang='grc' dir='ltr'><em>Β]</em></span> <span class='ocrx_word' id='word_1_292' title='bbox 894 3463 958 3518; x_wconf 83' lang='lat' dir='ltr'>add.</span> <span class='ocrx_word' id='word_1_293' title='bbox 977 3481 1014 3518; x_wconf 88' lang='lat' dir='ltr'><em>m.</em></span> <span class='ocrx_word' id='word_1_294' title='bbox 1035 3470 1052 3519; x_wconf 77' lang='lat'><strong>2</strong></span> <span class='ocrx_word' id='word_1_295' title='bbox 1071 3466 1137 3521; x_wconf 75' lang='lat' dir='ltr'><strong>vat.</strong></span> 
     </span>
    </p>
   </div>
   <div class='ocr_carea' id='block_1_6' title="bbox 0 0 1182 3818">
    <p class='ocr_par' dir='ltr' id='par_1_8' title="bbox 0 0 1182 3818">
     <span class='ocr_line' id='line_1_32' title="bbox 0 0 1182 3818; baseline 0 5"><span class='ocrx_word' id='word_1_296' title='bbox 0 0 1182 3818; x_wconf 95' lang='lat' dir='ltr'><em> </em></span> 
     </span>
    </p>
   </div>
  </div>
 </body>
</html>
