2356 3818
124 121 189 186 316
552 123 715 175 SCHOLIA.

193 267 265 332 198.
301 264 368 332 Καὶ
396 266 440 343 ὡς
468 268 531 354 όίρα
559 270 808 352 συναμφότερος
835 267 855 351 ἡ
881 269 982 331 ΒΑΓ
1006 289 1037 350 p.
1061 267 1136 352 182,

127 374 282 454 16-17]
317 375 362 450 ὡς
392 375 455 457 γὰρ
488 374 526 438 ἓν
555 386 622 440 τῶν
653 372 847 459 ἡγουμένων
882 375 965 458 πρὸς
996 373 1033 437 ἓν
1067 385 1135 438 τῶν

125 479 304 565 ἑπομένων,
327 481 432 556 οὕτως
455 481 582 545 ἅπαντα
605 481 645 545 τότ
663 481 829 564 ἡγούμενα
846 481 929 565 πρὸς
947 481 1075 544 ἅπαντα
1093 481 1135 544 τὰ

126 587 275 672 έτιόμενα.

91 748 107 796 5
194 730 266 794 199.
293 727 387 794 Ἔστι
413 726 451 792 δὲ
482 726 537 793 καί
564 727 584 811 ἡ
612 728 676 794 ὑπὸ
705 740 771 794 τῶν
799 731 901 794 ΑΓΕ
927 753 957 813 p.
980 730 1051 812 182,
1077 728 1133 811 19]

126 836 179 902 ἐπὶ
201 838 264 922 γὰρ
287 845 345 920 τῆς
368 836 468 918 αὐτῆς
489 837 699 922 περιφερείας
721 844 778 919 τῆς
800 839 866 900 ΑΒ
893 837 1052 919 βεβήκασι
1078 833 1135 899 καὶ

127 943 163 1008 ἐν
185 953 230 1030 τςό
254 942 343 1029 αὐτῷ
366 943 510 1026 τμήματί
531 943 594 1006 είσι
616 950 662 1028 τςό
686 944 823 1006 ΒΔΓΑ.

193 1086 267 1150 200.
293 1082 409 1149 Ἔστιν
436 1085 499 1168 ἄρα
527 1085 571 1160 ὡς
593 1081 618 1171 ζὴ
641 1087 712 1149 ΑΓ
733 1108 764 1168 p.
786 1085 863 1168 182,
885 1083 1032 1167 22-23]
1059 1081 1135 1166 περὶ

126 1193 189 1277 γὰρ
213 1193 270 1267 τὰς
294 1196 366 1266 ίσας
388 1194 511 1273 γωνίας
533 1191 571 1254 αί
589 1189 729 1276 πλευραὶ
752 1189 916 1273 ιἰνοίίογόν
939 1192 1032 1254 εἰσιν.

74 1353 107 1401 10
193 1335 267 1398 201.
304 1337 384 1409 Πῶς
411 1331 515 1416 ἐστιν,
543 1333 587 1408 ὡς
613 1335 684 1397 AF
710 1334 793 1418 πρὸς
817 1336 892 1416 ΓΕ,
924 1333 1029 1409 οὕτως
1056 1350 1135 1397 συν-

127 1442 312 1525 αμφότερος
334 1437 354 1521 ἡ
378 1443 450 1522 ΒΑ,
469 1443 540 1503 ΑΓ
555 1440 639 1525 πρὸς
661 1442 721 1524 τὴν
743 1444 824 1518 ΒΓ;
866 1437 935 1504 έτιεὶ
957 1448 1017 1503 τοῦ
1040 1441 1141 1503 ΒΑΓ

127 1546 292 1630 τριγώνου
316 1545 336 1628 ἡ
359 1548 463 1627 γωνία
490 1546 510 1629 ἡ
533 1545 598 1610 ὑπὸ
621 1549 721 1611 ΒΑΓ
745 1547 820 1630 δίχα
847 1544 1014 1630 τέτμηται,
1046 1548 1136 1610 ἔστιν

128 1652 173 1728 ὡς
195 1650 214 1734 ἡ
239 1656 301 1716 ΒΑ
322 1653 406 1737 πρὸς
428 1653 489 1734 τὴν
512 1655 586 1735 ΑΓ,
615 1652 719 1728 οὕτως
741 1653 762 1736 ἡ
785 1657 851 1716 ΒΕ
875 1654 958 1735 πρὸς
980 1652 1041 1735 τὴν
1064 1655 1137 1736 ΕΓ,

128 1758 172 1834 ὡς
200 1757 235 1823 ἐν
262 1768 307 1847 τῷ
332 1757 363 1826 ς’
387 1769 454 1823 τῶν
481 1762 659 1842 στοιχείων.
705 1756 865 1823 συνθέντι
893 1759 937 1834 ὡς
965 1760 1137 1842 συναμφό-

77 1883 109 1930 15
128 1888 221 1951 τερος
248 1864 268 1947 ἡ
291 1868 363 1947 ΒΑ,
382 1867 452 1928 ΑΓ
479 1866 561 1950 πρὸς
589 1866 650 1948 τὴν
672 1867 752 1948 AF,
785 1865 890 1940 οὕτως
916 1865 936 1948 ἡ
959 1866 1027 1928 ΒΓ
1053 1865 1137 1946 πρὸς

128 1971 189 2054 τὴν
217 1972 292 2034 ΓΕ·
325 1969 380 2035 καὶ
408 1970 544 2048 ἐναλλὰξ
577 1972 621 2048 ὡς
648 1974 897 2056 συναμφότερος
923 1969 944 2052 ἡ
971 1974 1048 2054 ΒΑ,
1072 1972 1144 2034 ΑΓ

125 2077 209 2162 πρὸς
230 2077 292 2159 τὴν
314 2079 384 2141 ΒΓ.

196 2219 270 2282 202.
302 2222 392 2300 Πῶς,
416 2218 460 2294 ὡς
483 2223 731 2306 συναμφότερος
753 2218 773 2302 ἡ
793 2224 865 2302 ΒΑ,
883 2223 954 2284 ΑΓ
969 2221 1054 2306 πρὸς
1077 2221 1140 2303 την

128 2326 202 2408 ΒΓ,
222 2323 327 2400 οὕτως
345 2323 365 2405 ἡ
380 2330 446 2388 ΑΛ
462 2327 545 2412 πρὸς
563 2327 624 2409 τὴν
637 2331 717 2405 ΔΒ;
753 2325 896 2409 ἐδείχθη,
915 2326 965 2390 ὅτι
985 2323 1075 2390 ἐστὶν
1094 2326 1141 2402 ὡς

76 2448 111 2498 20
129 2431 150 2515 ἡ
168 2435 240 2495 ΑΓ
255 2432 339 2517 πρὸς
359 2433 429 2514 ΓΒ,
452 2431 557 2507 οὕτως
579 2431 599 2514 ἡ
618 2438 684 2497 ΑΔ
705 2434 788 2519 πρὸς
805 2436 882 2515 ΛΒ,
906 2433 950 2509 ὡς
973 2428 1010 2496 δέ
1032 2432 1053 2515 ίη
1072 2438 1105 2495 Α
1113 2435 1147 2496 Γ

128 2539 212 2623 πρὸς
235 2542 311 2621 ΓΒ,
342 2537 447 2614 οὕτως
469 2541 719 2625 συναμφότερος
740 2537 760 2621 ἡ
784 2543 860 2622 ΒΑ,
878 2541 949 2603 AF
970 2539 1054 2623 πρὸς
1076 2539 1142 2621 τὴν

129 2647 210 2707 ΒΓ·
238 2641 292 2708 καί
316 2645 360 2720 ὡς
383 2646 446 2729 ἄρα
469 2648 718 2731 συναμφότερος
740 2645 760 2728 ἡ
783 2649 860 2728 ΒΑ,
878 2647 949 2709 AF
970 2646 1054 2730 πρὸς
1077 2646 1142 2728 τὴν

202 2923 418 2978 198.Pvat.v⁶.
493 2930 551 2980 199.
570 2925 706 2980 Pusam.
780 2926 1004 2993 200.PVat.v9.
1077 2930 1140 2979 201.

129 3011 180 3063 το,
205 2993 343 3048 coniunct.
363 3012 426 3048 eum
444 3013 483 3050 nr.
503 3002 556 3051 200
573 2996 695 3065 ΡΒωίρ.
768 3003 827 3051 202.
846 2996 1028 3064 ΡΝωί.νσρ.

202 3267 225 3315 3,
242 3259 328 3322 οὕτως
340 3291 369 3299 -
381 3265 406 3313 4.
417 3259 551 3334 ἑπόμενα]
567 3279 620 3318 om.
630 3263 748 3317 Vanus.
809 3270 832 3318 6.
853 3260 914 3334 ἐπί]
933 3261 965 3316 ἐκ
978 3265 1001 3316 2.
1057 3259 1141 3332 βεβή-

125 3333 206 3404 naas]
221 3331 392 3404 βεβλήτιασιν
411 3330 501 3387 PVat.
580 3342 603 3388 9.
624 3333 706 3405 εἰσιν]
727 3332 782 3405 ἔχει
799 3352 825 3388 v.
906 3338 946 3388 14.
967 3334 1004 3395 ὡς
1018 3363 1052 3374 -
1067 3350 1141 3386 στοι-

107 3401 217 3476 γείων]
235 3422 289 3460 om.
308 3404 427 3476 ῑῘωόορ.
496 3409 539 3462 17.
561 3406 631 3478 BP}
651 3409 701 3460 PE
719 3405 798 3460 codd.
864 3409 907 3459 18.
926 3405 974 3476 ὡς]
990 3420 1042 3460 om.
1057 3402 1138 3457 codd.

140 3482 187 3530 19.
211 3477 293 3534 Ante
315 3476 441 3554 ἐδείχθη
463 3478 535 3538 hab.
554 3480 593 3545 ὡς
612 3477 643 3535 δὲ
658 3478 740 3549 Vim,
754 3477 804 3532 *ταὶ
815 3473 847 3530 δὲ
861 3496 885 3544 ο.
