2356 3818
71 110 135 174 164
473 111 677 163 Δεεοωωοε.

70 256 167 337 λοιπὴ
186 265 254 317 τῶν
273 252 306 330 ἐξ
325 253 427 336 ἀρχῆς
441 252 611 339 τεσσάρων
630 253 774 317 εὐθειῶν
793 255 897 334 λόγον
912 255 977 336 ἔχει
990 252 1066 315 δεδο-
1143 330 1154 349 Γ

70 359 181 443 μένον,
201 359 367 442 ἀνάλογον
381 362 558 442 γίγνεσθαι
576 359 635 435 τὰς
649 358 809 445 τέσσαρας
823 358 967 440 εὐθείας,
985 359 1065 437 ἔστα,
1142 344 1173 455 ‘L

72 466 117 540 ῶς
140 464 160 547 ἡ
184 466 320 551 τετάρτη
343 466 427 550 πρὸς
449 466 510 547 τὴν
533 467 659 549 τρίτην,
683 448 789 541 οὕτως
807 463 828 546 ἡ
848 461 987 548 δευτέρα
1002 463 1065 548 πρὸς
1148 456 1178 581 ζ

71 571 114 654 ἣν
137 569 157 654 ἡ
181 572 296 656 πρώτη
320 573 420 653 λόγον
444 572 509 653 ἔχει
532 568 721 654 δεδομένον.
1012 625 1015 635 .

36 690 53 737 6
139 679 286 741 ἔστωσαν
313 675 470 760 τέσσαρες
502 675 631 740 εὐθεῖαι
659 676 697 739 αί
721 682 768 759 A,
788 680 831 758 B,
857 678 899 758 Γ,
918 680 952 739 A
966 673 1070 748 ὀὕτως
1152 656 1177 767 ,³

73 785 207 866 ἔχουσαι
226 783 309 866 πρὸς
328 781 482 864 ἀλλήλας,
501 782 584 845 ὥστε
598 791 702 866 τριῶν
716 786 913 865 ληφθεισῶν
931 779 1072 859 ἐξαύτῶν

73 888 262 968 ὁποιωνοῦν
289 898 356 951 τῶν
386 893 428 969 A,
452 891 491 969 Β,
516 890 548 951 Γ
575 885 630 951 καὶ
657 887 812 971 τετάρτης
844 887 960 963 αὐταῖς
984 899 1085 970 προσ·

73 997 259 1079 ληφθείσης
281 1002 339 1075 τῆς
357 998 398 1074 E,
422 993 506 1077 πρὸς
528 993 571 1076 ἣν
593 992 614 1075 ἡ
634 998 667 1057 A
690 996 790 1075 λόγον
814 996 879 1077 ἔχει
898 989 1097 1077 δεδομένονς

74 1099 239 1180 ἀνάλογον
257 1093 343 1163 εἶναι
357 1100 416 1174 τὰς
431 1105 473 1182 Α,
489 1103 527 1182 Β,
543 1102 580 1183 Γ,
594 1105 626 1164 E
643 1100 789 1176 εὐθείας·
808 1097 904 1183 λέγω,
923 1100 973 1165 ὅτι
986 1098 1105 1168 ἐστίν,

22 1217 56 1265 10
74 1205 120 1280 ὡς
143 1203 163 1286 ἡ
187 1210 220 1267 A
242 1206 325 1287 πρὸς
348 1206 409 1287 τὴν
433 1208 469 1287 Γ,
494 1205 599 1281 οὕτως
622 1204 642 1289 ἡ
666 1210 694 1269 Β
718 1207 802 1290 πρὸς
823 1205 867 1289 ἣν
889 1205 909 1288 ἡ
933 1212 966 1271 A
986 1207 1109 1286 λόγον

76 1312 142 1393 ἔχει
168 1308 357 1393 δεδομένον.

142 1413 210 1479 ἐπεὶ
239 1417 302 1501 γόρ
328 1417 431 1499 ἐστιν,
460 1417 504 1493 ῶς
526 1416 546 1500 ἡ
570 1424 603 1482 A
629 1419 712 1503 πρὸς
733 1419 795 1502 την
819 1423 862 1501 Β,
891 1414 1030 1498 οὕτωςὴ
1066 1394 1130 1472 Ῑ

75 1522 159 1605 πρὸς
181 1523 242 1605 την
264 1527 304 1604 Ε,
329 1524 367 1586 τὸ
391 1524 455 1607 ἄρα
477 1523 543 1587 ὑπὸ
566 1534 634 1587 τῶν
657 1530 750 1607 Α,Ε
771 1530 846 1589 ίσον
869 1521 939 1588 ἐστὶ
956 1532 998 1610 τῷ
1018 1520 1131 1585 διίθ

75 1637 142 1690 τῶν
171 1631 214 1709 Β,
236 1630 271 1690 Γ.
323 1625 378 1692 καὶ
407 1626 475 1692 ε’πεὶ
503 1631 601 1710 λόγος
629 1626 697 1693 ἐστὶ
724 1637 782 1712 τῆς
806 1634 838 1693 E
863 1630 947 1715 πρὸς
972 1630 1028 1712 τὴν
1046 1606 1135 1690 Λ

25 1744 57 1793 15
77 1733 207 1815 δοθείς,
236 1735 334 1815 λόγος
357 1735 422 1819 ἄρα
446 1731 516 1798 ἐστὶ
542 1731 598 1799 καὶ
620 1744 681 1799 τοῦ
703 1734 769 1799 ὑπὸ
793 1746 861 1799 τῶν
883 1742 929 1819 A,
948 1741 980 1800 A
1005 1728 1145 1819 πρῢὸ

76 1838 113 1901 τὸ
136 1837 202 1902 ὑπὸ
226 1849 294 1903 τῶν
314 1845 356 1922 A,
375 1844 408 1903 E
429 1840 556 1915 δοθείς·
580 1849 625 1926 τῷ
650 1837 686 1904 δὲ
708 1840 774 1905 ὑπὸ
797 1852 865 1905 τῶν
887 1848 930 1924 Α,
948 1847 980 1906 Ε
1000 1832 1150 1905 §mov

9 1970 12 1975 ·
78 1949 153 2007 ίσον
175 1945 213 2007 τὸ
236 1944 301 2010 ὑπὸ
325 1955 393 2009 τῶν
418 1949 456 2027 Β,
477 1948 521 2009 Γ·
554 1947 652 2027 λόγος
680 1946 745 2032 ίίρα
773 1944 829 2011 καὶ
853 1956 914 2011 τοῦ
936 1947 1001 2012 ὑπὸ
1021 1934 1158 2010 τβΨ

78 2055 120 2131 A,
140 2055 172 2113 A
195 2050 278 2134 πρὸς
301 2051 339 2113 τὸ
362 2050 428 2114 ὑπὸ
451 2061 519 2114 τῶν
541 2055 581 2134 Β,
600 2054 633 2115 Γ
652 2050 721 2115 ἐστι
744 2052 868 2129 δοθείς.
914 2055 1003 2118 ἔστιν
1024 2053 1089 2136 ἤην
1107 2038 1164 2091 ‘²‘

79 2154 124 2229 ῶς
146 2153 167 2235 ἡ
191 2160 224 2217 A
246 2156 329 2239 πρὸς
352 2157 414 2238 τὴν
434 2159 471 2239 Γ,
495 2156 601 2234 οὕτως
624 2156 644 2239 η
669 2161 697 2220 Β
721 2159 805 2240 πρὸς
826 2156 870 2240 ἣν
890 2156 912 2241 ἡ
936 2165 969 2223 A
991 2142 1172 2239 λόγν’ν

24 2271 59 2320 20
79 2261 144 2342 ἔχει
167 2258 356 2343 δεδομένον.
1031 2284 1038 2295 ·

550 2385 618 2450 πδ’.

143 2505 220 2571 Ἐὰν
239 2508 300 2570 δύο
320 2507 450 2572 εὐθεῖαι
470 2505 574 2573 δοθὲν
591 2512 715 2594 χωρίον
732 2509 930 2597 περιίχωσιν
948 2510 985 2576 ἐν
999 2510 1137 2577 δεδθ

79 2611 161 2698 μόνη
185 2616 300 2701 γωνίᾳ,
325 2612 345 2695 ἡ
369 2610 406 2677 δὲ
430 2611 523 2700 ἑτέρα
546 2623 604 2698 τῆς
627 2613 739 2700 ἑτέρας
762 2616 901 2702 δοθείση
924 2619 1039 2702 μείζων
1054 2580 1173 2713 ᾒθ

78 2717 134 2784 καὶ
158 2717 293 2805 ἑκατέρα
318 2719 430 2784 αὐτῶν
453 2723 544 2784 ἔσται
567 2721 715 2786 δοθεῖσα.

26 2834 61 2884 25
148 2826 210 2889 δύο
234 2825 297 2909 γὰρ
322 2824 453 2889 εὐθεῖαι
476 2826 513 2889 αί
533 2831 614 2909 ΑΒ,
634 2830 701 2891 ΒΓ
724 2823 828 2893 δοθὲν
854 2831 981 2915 χωρίον
1001 2836 1156 2912 περῦ’

79 2928 243 3014 εχέτωσαν
261 2931 298 2994 τὸ
313 2936 346 2994 A
352 2933 385 2994 Γ
401 2930 437 2994 ἐν
456 2929 616 3016 δεδομένη
634 2935 740 3020 γωνίᾳ
757 2942 797 3018 τῇ
814 2933 881 2999 ὑπὸ
899 2945 968 2999 τῶν
981 2909 1142 3001 Asss'ae

153 3123 177 3171 1.
197 3117 349 3191 τεσσάρων]
369 3138 422 3175 om.
442 3122 469 3175 b.
547 3128 571 3176 2.
591 3121 733 3193 ἀνάλογον
753 3156 785 3163 -
805 3130 830 3178 4.
850 3121 1016 3196 δεδομένον]
1031 3122 1122 3183 ⁸18¹

81 3206 134 3244 om.
155 3204 212 3242 acc.
232 3207 267 3243 m.
287 3195 301 3242 1
321 3190 351 3244 P.
425 3196 448 3246 2.
469 3190 600 3262 γίνεσθαι
618 3194 668 3248 vb.
743 3193 819 3249 ἔσται
833 3226 867 3236 -
881 3201 907 3249 4.
926 3174 1118 3264 δεδομένον]

80 3260 112 3315 αἱ
135 3259 163 3324 ἐξ
182 3260 270 3331 ἀρχῆς
295 3262 406 3315 εὐθεῖαι
430 3261 517 3326 οὕτως
540 3263 633 3329 ἕξοντι
654 3265 725 3333 πρὸς
747 3265 867 3335 ἀλλήλας
892 3266 912 3320 b
940 3269 970 3321 et
990 3253 1107 3320 deinde

79 3364 137 3418 rep.
156 3366 183 3417 p.
200 3353 260 3419 162,
275 3353 318 3402 22.
338 3347 406 3403 ὥστε
421 3381 454 3390 -
468 3369 495 3420 p.
512 3358 571 3422 164,
589 3359 614 3406 2.
634 3351 756 3416 εὐθείας.
830 3359 855 3408 3.
874 3340 1033 3424 «eademst
1055 3340 1099 3397 Ρ·

115 3435 223 3507 τρίτην]
241 3441 260 3507 γ
277 3436 312 3505 Ρ,
332 3459 368 3492 -ι-
386 3437 483 3494 iuras,
498 3447 564 3495 m.1
585 3459 610 3495 v.
667 3439 795 3512 δευτέρα]
814 3429 839 3514 Β
850 3442 882 3499 Ρ.
940 3448 963 3497 7.
979 3426 1105 3499 mle]-
