2356 3818
440 110 718 164 PROLEGOMENA.
1024 109 1086 163 XLI

145 249 206 303 Iam
225 249 263 303 ed
280 247 356 304 idem
374 248 447 303 illud
461 247 583 303 Theonis
602 248 727 304 studium
745 251 921 306 referendum
941 253 992 320 est,
1011 251 1087 320 quod

70 350 100 402 p.
126 336 189 400 172,
218 336 252 384 16
282 330 396 384 solitam
424 328 672 384 demonstrationis
700 330 819 384 formam
846 331 959 386 restitui
986 329 1085 399 uoluit,

69 430 99 482 p.
116 416 181 479 110,
197 418 211 465 1
227 405 266 464 ὧν
280 427 330 480 pro
345 407 378 464 od
400 407 513 479 scripsit
525 425 633 462 memor
649 427 676 478 p.
693 415 757 478 108,
772 415 801 479 3,
830 429 857 480 p.
874 416 937 479 120,
953 416 986 465 26
1006 409 1086 480 λόγος

72 487 131 544 ἐστὶ
146 491 245 552 610811
263 489 384 558 addidit,
402 509 429 559 p.
442 487 560 558 11841)
576 484 677 558 ἐφεξῆς
691 489 747 558 ἄρα
765 489 921 545 inculeauit
933 490 1086 561 respiciens

72 572 112 627 ad
129 591 157 642 p.
173 577 215 640 80,
231 576 278 638 22,
302 575 425 639 112,10;
450 575 571 637 124,12,
600 570 649 623 sed
671 570 725 625 hoc
745 589 772 640 p.
788 576 848 639 210,
863 576 910 639 26,
938 574 970 625 11
987 588 1086 641 parum

73 650 132 706 sibi
151 653 195 705 est
213 651 358 718 constans,
382 649 486 703 addere
504 647 638 718 neglexit.
674 669 702 721 p.
717 655 760 720 98,
775 655 808 703 22
832 670 874 719 rr,
903 651 978 720 quod
1000 671 1026 721 p.
1043 655 1086 718 90,

72 737 117 800 20,
132 737 179 799 24,
200 735 339 799 94,1-2,
359 734 401 799 98,
417 735 447 797 6,
467 734 526 797 104,
543 735 588 798 19,
609 735 766 799 114,10,13
784 729 815 784 in
828 729 922 784 uerbis
941 727 1023 799 ὅμοιοι
1037 730 1087 783 καὶ

72 810 176 880 ὁμοίως
190 811 306 879 κείμενοι
319 808 367 862 181
380 805 616 878 ἀναγεγραμμένοι
629 826 686 863 181
700 809 805 880 legitur
813 810 842 880 ¹),
861 809 1011 863 delendum
1026 824 1086 863 8888

70 889 189 944 8818111.
227 889 315 944 ctiam
336 908 364 959 p.
380 895 427 956 12,
442 893 511 942 6-6
530 887 656 942 Euclidis
674 907 756 944 usum
775 891 886 944 secutus
905 905 966 943 8888
984 890 1086 959 putan-

72 971 126 1024 dus
146 972 196 1026 est.
233 969 310 1039 quod
333 967 492 1037 exemplum
514 984 577 1022 cum
599 969 702 1038 adtuli,
732 971 768 1024 ad
792 986 839 1024 eos
862 969 939 1023 locos
961 968 1086 1038 perueni,

72 1048 177 1119 quibus
187 1048 303 1103 solitum
312 1049 462 1102 uerborum
477 1047 602 1102 ordinem
616 1049 722 1105 refecit.
747 1066 869 1118 namque
881 1067 946 1104 cum
954 1048 1087 1103 Euclides

72 1130 239 1201 plerumque
263 1128 342 1183 dicat
364 1128 425 1182 ἐπεὶ
443 1126 523 1196 λόγος
546 1125 722 1183 18118811-
743 1132 853 1199 ὃοθείς,
881 1130 978 1184 Theon
1000 1128 1088 1184 etiam

71 1228 100 1280 p.
117 1215 165 1279 26,
184 1215 200 1262 2
218 1209 290 1263 haec
307 1208 395 1262 uerba
414 1207 454 1262 sic
473 1207 632 1263 collocauit.
670 1209 739 1263 item
756 1228 784 1279 p.
800 1216 846 1279 64,
863 1215 966 1264 11-12
990 1209 1087 1279 singu-

72 1289 143 1344 laris
161 1305 230 1343 sane
250 1288 317 1341 ordo
336 1304 400 1341 eum
419 1287 543 1342 offendit.
571 1305 598 1357 p.
613 1294 656 1357 92,
672 1295 704 1343 17
725 1289 785 1344 sine
804 1289 890 1344 dubio
909 1290 1033 1360 respexit
1049 1289 1086 1344 ad

45 1363 47 1367 ’
70 1388 99 1440 p.
116 1374 159 1437 88,
180 1374 209 1436 8,
237 1372 280 1437 co,
300 1366 381 1436 811,
408 1372 602 1438 ,1.188,1-8
626 1369 663 1423 ad
685 1388 712 1439 p.
728 1375 771 1439 88,
786 1375 833 1438 88,
861 1375 903 1439 84,
920 1375 966 1438 18,
994 1375 1087 1440 881,

72 1455 121 1518 96,
141 1453 189 1515 26,
218 1447 266 1502 cfr.
287 1452 452 1517 ,1.132,10.
492 1453 582 1518 ,1.88,
602 1454 635 1502 10
658 1465 709 1518 pro
734 1444 790 1503 ἐστὶ
810 1452 929 1504 δοθεῖσα
951 1448 1089 1520 praetulit

73 1525 195 1582 dodeford
214 1521 272 1580 ἐστι
291 1528 327 1595 (u.
346 1544 373 1595 p.
388 1531 431 1594 82,
448 1531 476 1593 7,
495 1530 538 1596 84,
551 1534 578 1595 4,
593 1533 640 1597 26,
660 1531 775 1598 86,16),
798 1547 825 1598 p.
840 1535 884 1597 80,
900 1534 1004 1583 17-18
1023 1547 1087 1584 cum

73 1605 201 1660 Euclidis
219 1622 325 1661 morem
342 1606 467 1660 nondum
484 1607 680 1676 perspexisset,
698 1608 772 1662 nihil
788 1609 923 1677 mutauit,
942 1629 969 1678 p.
981 1615 1041 1676 212,
1052 1612 1087 1660 23

79 1682 140 1741 ἐστι
158 1687 276 1740 δοθεῖσα
295 1684 403 1740 Theoni
421 1684 544 1740 tribuere
562 1686 673 1755 dubit0;
693 1687 741 1741 811.
755 1707 782 1756 p.
799 1694 859 1756 220,
874 1693 899 1742 4.
926 1688 1002 1742 idem
1015 1687 1088 1741 illud

75 1767 172 1820 autem
186 1765 327 1835 spectauit
344 1770 501 1836 ,1.134,19,
522 1772 581 1834 136,
594 1773 619 1822 2.
646 1769 793 1836 praeterea
806 1785 833 1822 u.
847 1786 874 1837 p.
885 1773 928 1836 68,
939 1774 967 1835 1,
987 1771 1030 1836 86,
1040 1772 1088 1835 20,

76 1851 125 1915 96,
141 1852 165 1901 1.
202 1848 287 1915 atquc
311 1844 398 1899 etiam
420 1864 447 1915 p.
463 1851 510 1915 86,
529 1852 612 1916 2-3,
632 1852 700 1900 6-6
725 1847 792 1901 ordo
816 1847 842 1901 81
861 1846 992 1902 insolitus
1011 1847 1088 1901 uide-

75 1925 174 1993 batur,
201 1926 353 1994 postquam
372 1927 467 1979 autem
485 1926 606 1981 eundem
624 1926 751 1982 ordinem
769 1928 817 1983 lin.
833 1934 938 1981 21—22
957 1926 1088 1998 repperit,

73 2004 212 2059 mutando
236 2003 387 2073 abstinuit;
414 2007 511 2059 contra
533 2025 560 2077 p.
581 2012 627 2076 94,
646 2011 672 2077 8,
696 2015 728 2061 11
752 2014 789 2080 τῷ
813 2010 882 2063 sides
905 2007 1088 2078 transposuit.

75 2086 132 2140 huc
150 2083 248 2140 referri
266 2087 385 2153 possunt
403 2085 490 2140 etiam
508 2085 564 2140 loci
582 2105 608 2156 p.
624 2093 666 2157 94,
683 2093 729 2156 16,
749 2094 809 2158 202,
824 2095 866 2144 26.
904 2089 989 2158 adde,
1012 2087 1089 2157 quod

75 2165 173 2219 Theon
191 2184 219 2235 p.
231 2169 290 2233 166,
306 2169 334 2232 8,
355 2169 414 2234 180,
430 2172 459 2233 2,
479 2170 588 2235 186,16
606 2183 656 2237 pro
672 2167 808 2224 1108011
823 2202 857 2210 —
872 2168 985 2239 scripsit
999 2167 1088 2223 δοθὲν

74 2245 107 2299 τό
126 2275 169 2300 -.
206 2263 234 2314 p.
250 2249 296 2313 72,
317 2250 349 2298 16
375 2246 411 2300 ab
435 2247 532 2300 eodem
555 2247 709 2301 statuerem
732 2249 858 2304 ordinem
881 2251 984 2322 σημείῳ
1007 2251 1089 2303 3808-

74 2321 159 2396 μένῳ,
179 2324 228 2393 qui
242 2324 357 2393 quidem
370 2325 401 2378 in
414 2324 605 2395 propositione
620 2326 771 2398 adsumpta
784 2327 944 2382 inueniatur
958 2330 994 2398 (u.
1006 2347 1033 2398 p.
1045 2333 1089 2396 60,

76 2411 121 2474 12,
133 2410 166 2458 16
186 2407 214 2459 81
227 2424 254 2474 p.
265 2411 308 2474 64,
320 2407 372 2476 19),
390 2405 553 2460 restitutum
566 2422 635 2476 8888,
653 2407 709 2461 1181
726 2426 754 2477 p.
766 2413 851 2477 70,16
870 2407 899 2461 in
912 2408 931 2462 b
949 2407 1091 2479 legeretur

76 2482 221 2558 δεδομένῳ
241 2487 351 2558 σημείῳ.
389 2485 510 2554 denique
527 2504 555 2555 p.
572 2492 630 2556 178,
648 2492 664 2540 2
689 2487 798 2542 adferre
816 2487 900 2557 libet,
923 2487 972 2541 ubi
991 2487 1089 2541 Theon

75 2564 134 2635 ἄρα
152 2562 306 2618 insolenter
325 2563 493 2619 collocatum
510 2564 664 2637 retraxit').

148 2643 209 2697 Iam
228 2660 295 2697 uero
312 2643 409 2698 Theon
428 2644 483 2699 sibi
499 2646 656 2715 temperare
674 2663 731 2700 non
748 2646 850 2716 potuit,
868 2645 936 2715 quin
954 2662 996 2715 ea,
1016 2661 1088 2715 quae

76 2725 115 2779 ab
130 2723 248 2777 Euclide
266 2740 366 2792 parum
383 2726 459 2779 recte
478 2723 582 2777 omissa
597 2740 657 2780 esse
671 2726 853 2795 existimaret,
873 2725 990 2780 adderet
1003 2728 1089 2795 atque

74 2803 138 2860 eius
151 2803 398 2857 ratiocinationem
413 2805 450 2858 ad
463 2804 599 2859 maiorem
612 2803 801 2858 subtilitatem
818 2807 846 2858 et
859 2802 1090 2874 perspicuitatem

76 2881 224 2952 expoliret.

149 2960 203 3016 etsi
227 2977 244 3014 a
266 2960 334 3015 totis
353 2961 590 3031 propositionibus
614 2962 818 3033 interpolandis
842 2963 981 3018 abstinuit
997 2979 1089 3032 nequo

78 3040 332 3095 demonstrationes
352 3040 457 3095 alteras
476 3042 600 3112 addidit,
624 3046 720 3098 tamen
739 3044 964 3114 supplementum
987 3044 1023 3097 ad
1042 3044 1090 3097 de·

151 3229 176 3297 1)
195 3226 317 3280 Librarii
336 3245 422 3295 quam
439 3228 578 3298 procliues
596 3230 701 3285 fuerint
719 3232 757 3285 ad
774 3250 804 3286 re
822 3229 852 3285 in
865 3230 910 3285 his
927 3229 1020 3285 uerbis
1040 3229 1090 3282 ad·

77 3299 214 3366 dendum,
234 3297 337 3352 docent
354 3298 410 3353 loci
427 3317 454 3368 p.
470 3305 512 3369 90,
528 3307 570 3370 20,
586 3308 633 3370 24,
654 3308 712 3370 114,
729 3308 770 3357 10.

151 3372 178 3440 2)
197 3368 341 3423 Librarius
361 3369 465 3424 codicis
483 3371 504 3424 Ρ
528 3371 584 3442 ἄρα
606 3375 720 3442 propter
739 3372 910 3444 singularem
928 3369 1091 3428 collocatio·

76 3455 143 3494 nem
161 3439 265 3495 omisit.
1079 3502 1085 3511 ·

1077 3518 1104 3551 :a
