2356 3818
404 125 443 175 nc
461 125 631 176 nuonnns
648 126 753 178 nani.
1024 123 1090 186 257

67 287 172 349 quam
196 265 402 350 disciplinam
424 266 627 331 referendum
650 266 703 352 sit,
726 271 760 331 et
778 266 1032 350 disputationem
1051 268 1091 332 de

69 391 112 434 eo
141 371 353 436 utilissimam
381 393 460 436 esse.
507 372 644 436 addatur
672 375 781 435 autem
807 371 862 457 iis,
894 394 976 456 quae
1004 374 1091 438 dicta

69 480 161 562 sunt,
180 477 279 542 etiam
299 477 557 561 circumscriptio
576 477 664 541 illius
680 476 878 562 disciplinae.
912 478 974 542 erit
986 479 1091 564 igitur

70 605 125 667 ea,
148 586 186 647 ut
209 605 249 647 ex
271 583 324 668 iis,
346 605 428 667 quae
452 583 539 648 dieta
562 587 652 668 sunt,
676 583 820 668 adparet,
843 583 1089 667 comprehensio

71 689 180 752 omnis
206 689 333 775 generis
358 690 536 753 datorum
555 693 587 753 et
611 710 733 774 eorum,
755 710 837 772 quae
857 690 898 753 ad
915 688 974 752 illa
991 691 1089 774 perti·

72 799 162 859 nent.
187 795 318 880 proprie
333 799 444 859 autem
458 799 491 858 et
506 794 535 858 si
547 794 668 858 librum
677 794 883 879 propositum
898 799 1092 880 spectamus,

70 901 201 966 dicatur
229 923 299 965 esse
328 899 414 964 ratio
443 905 476 965 et
499 901 553 964 uia
581 900 741 965 elementa
767 899 870 964 totius
899 900 1088 985 disciplinae

71 1008 267 1072 datorum
300 1006 478 1071 continens.
535 1027 573 1069 ea
606 1010 715 1070 autem
744 1010 776 1070 et
807 1005 881 1090 ipsa
912 1005 1091 1071 utilitatem

74 1111 252 1197 etreliqua
272 1112 312 1175 ad
331 1112 464 1177 datum
482 1112 587 1176 relata
604 1116 821 1198 congruenter
835 1111 979 1176 habebit.
1007 1112 1091 1176 liber

75 1222 186 1282 autem
206 1217 331 1290 diuisus
351 1221 401 1282 est
421 1218 597 1283 seeundum
616 1239 734 1302 genera
751 1218 846 1304 dati,
870 1223 966 1302 atque
985 1218 1091 1303 prima

70 1327 168 1408 parte
200 1323 269 1388 eius
303 1346 341 1388 ea
373 1324 594 1407 eontinentur,
627 1345 708 1407 quae
736 1324 862 1388 ratione
895 1325 972 1389 data
1004 1329 1089 1409 sunt,

75 1430 226 1514 secunda,
241 1452 322 1513 quae
336 1429 512 1515 positione3
526 1433 706 1513 sequuntur
719 1429 785 1513 illa,
799 1451 881 1513 quae
896 1431 1002 1514 speeie
1013 1432 1089 1497 data

72 1542 165 1621 sunt3
188 1535 324 1619 simplex
344 1541 393 1601 est
413 1536 499 1600 enim
517 1534 603 1599 ratio
622 1556 743 1616 eorum,
764 1555 845 1617 quae
865 1535 1089 1620 magnitudine

72 1641 152 1704 data
176 1646 264 1725 sunt3
288 1642 344 1705 sed
367 1641 466 1705 etiam
490 1663 528 1705 ea
551 1639 660 1722 aliqua
683 1643 836 1723 exparte
861 1661 934 1702 cum
957 1639 993 1702 in
1015 1639 1090 1703 reli-

74 1745 148 1829 quis
176 1750 248 1810 tum
279 1747 315 1810 in
340 1746 396 1830 iis,
428 1767 510 1829 quae
543 1744 650 1828 specie
682 1745 759 1808 data
791 1747 881 1828 sunt,
913 1743 1090 1808 distributa

70 1852 293 1916 inueniuntur.
330 1852 462 1915 initium
486 1855 595 1914 autem
619 1849 704 1932 cepit
728 1848 839 1934 abiis,
862 1849 1089 1932 quaeratione

73 1961 108 2021 et
126 1958 289 2041 positione
308 1958 385 2021 data
404 1960 489 2041 sunt,
512 1954 665 2037 quoniam
684 1977 724 2019 ex
742 1953 793 2017 his
813 1976 859 2040 ea,
883 1975 965 2036 quae
983 1953 1089 2038 speeie

75 2063 153 2127 data
181 2066 270 2144 sunt,
304 2060 485 2143 composita
512 2065 598 2124 sunt.
645 2064 741 2143 atque
769 2059 833 2123 alia
861 2080 990 2144 quoque
1013 2058 1089 2124 libri

70 2168 195 2232 diuisio
229 2167 270 2229 ab
303 2188 341 2230 eo
373 2165 461 2230 faeta
488 2170 552 2252 est,
583 2166 617 2230 in
645 2165 884 2252 magnitudines
912 2165 1089 2250 uniuersas,

73 2273 179 2335 lineas
207 2275 327 2357 rectas,
358 2271 469 2358 plana,
500 2272 739 2357 propositiones
768 2274 809 2337 ad
836 2273 992 2338 circulum
1019 2295 1089 2356 per-

73 2379 226 2442 tinentes.
262 2377 334 2463 pari
358 2382 466 2446 autem
490 2379 601 2443 ordine
624 2401 702 2445 usus
726 2383 776 2443 est
800 2379 899 2444 etiam
920 2379 956 2442 in
978 2380 1088 2443 defini-

74 2484 219 2549 tionibus
243 2484 296 2548 uel
318 2484 554 2569 hypothesibus
577 2485 664 2549 libri.
709 2485 798 2549 uiam
820 2489 930 2549 autem
954 2484 1087 2549 docendi

75 2595 204 2654 secutus
219 2594 269 2654 est
281 2612 348 2655 non
363 2591 589 2675 synthetieam,
611 2591 666 2654 sed
680 2589 886 2673 analyticam,
904 2592 942 2651 ut
956 2587 1089 2672 Pappus

74 2696 155 2760 satis
180 2696 321 2760 ostendit
344 2697 380 2760 in
402 2694 646 2762 commentariis
669 2695 705 2758 in
726 2695 848 2758 librum
871 2693 1010 2777 scriptis.

125 3547 276 3598 Euclides,
291 3546 341 3586 edd.
350 3545 453 3597 Heibsrg
466 3549 489 3587 et
502 3545 593 3598 Mengs.
614 3547 657 3589 Ἡ.
897 3540 936 3588 Ἦ
