2356 3818
122 88 165 189 12⁸
524 124 726 176 ΔΕΔοιιοΝΑ.

122 274 205 352 ληλοι
229 273 330 351 λόγον
352 272 469 353 ἔχοντα
492 265 684 353 δεδομένον·
715 265 816 351 λέγω,
839 267 890 332 ὅτι
912 265 968 331 καὶ
994 267 1081 333 ὅλον
1101 268 1139 333 τὸ

122 379 188 440 ΑΒ
211 377 294 460 πρὸς
312 373 466 460 ἑκάτερον
483 386 550 440 τῶν
569 377 645 456 ΑΓ,
661 376 721 438 ΓΒ
741 376 842 456 λόγον
860 376 926 456 ἔχει
945 373 1138 459 δεδομένον.

191 481 349 547 ἐκκείσθω
372 483 435 567 γὰρ
460 479 639 565 δεδομένον
662 479 802 564 μέγεθος
824 481 862 544 τὸ
879 483 956 544 ΔΕ.
990 478 1049 544 καὶ
1069 478 1137 546 ἐπεὶ

125 590 222 671 λόγος
248 586 316 653 ἐστὶ
343 598 403 653 τοῦ
426 591 498 653 AF
519 589 603 673 πρὸς
625 590 686 652 ΓΒ
715 588 844 670 δοθείς,
876 586 894 652 ὁ
922 585 1024 662 αὐτὸς
1046 587 1137 674 αὐτῷ

88 696 316 778 ὅπεποιήσδω
349 695 367 761 ὁ
399 704 459 760 τοῦ
491 698 561 758 ΔΕ
589 695 672 779 πρὸς
703 697 776 758 ΕΖ.
831 691 848 758 ὁ
881 694 945 779 ἄρα
976 700 1039 757 τοῦ
1071 697 1142 757 ΔΒ

123 803 206 887 πρὸς
229 807 291 867 ΕΖ
315 804 413 884 λόγος
436 798 504 866 ἐστὶ
527 801 655 876 δοθείς·
679 795 783 864 δοθὲν
806 795 843 863 δὲ
866 799 903 864 τὸ
926 801 1008 862 ΛΕ·
1032 796 1141 865 δοθέν

125 910 188 991 ἄρα
215 906 270 973 καὶ
299 909 336 973 τὸ
360 912 435 971 ΕΖ·
468 904 524 970 καὶ
552 907 631 972 ὅλον
658 907 722 990 ἄρα
749 907 786 970 τὸ
809 910 842 969 Δ
849 909 876 969 Ζ
904 902 1009 970 δοθέν
1038 905 1141 971 ἐστιν.

125 1019 194 1080 ἔστι
218 1011 255 1079 δὲ
279 1010 433 1098 ἑκάτερον
456 1024 523 1078 τῶν
543 1018 621 1097 ΔΕ,
640 1017 702 1077 ΕΖ
726 1010 844 1077 δοθέν·
868 1014 966 1095 λόγος
987 1013 1055 1099 ἄρα
1079 1020 1141 1079 τοῦ

125 1125 192 1186 ΔΖ
219 1121 303 1205 πρὸς
330 1117 484 1205 ἑκάτερον
511 1130 577 1184 τῶν
604 1123 686 1201 ΔΕ,
709 1123 772 1183 ΕΖ
805 1120 928 1195 δοθείς.
979 1116 1037 1184 καὶ
1069 1117 1144 1185 ἐπεί

74 1238 108 1289 10
127 1227 217 1292 ἐστιν
241 1225 286 1303 ὡς
308 1227 345 1290 τὸ
368 1228 439 1289 AF
461 1227 544 1309 πρὸς
568 1228 644 1308 ΓΒ,
677 1224 782 1302 οὕτως
804 1226 841 1289 τὸ
864 1226 1042 1310 ΛΕ”ιιρὸς
1064 1228 1139 1309 ΕΖ,

126 1329 287 1397 συνθέντι
313 1330 358 1408 ὡς
380 1332 417 1396 τὸ
435 1335 500 1396 AB
524 1333 607 1415 πρὸς
628 1334 666 1396 τὸ
686 1334 758 1414 ΒΓ,
782 1331 888 1408 οὕτως
909 1333 947 1397 τὸ
965 1336 1034 1396 ΔΖ
1056 1334 1141 1419 πρὸς

128 1443 204 1502 ΖΕ·
227 1435 283 1502 καὶ
306 1435 548 1522 ἀναστρέψαντι
571 1438 616 1514 ὡς
633 1439 670 1503 τὸ
688 1441 754 1502 ΑΒ
777 1439 860 1522 πρὸς
878 1439 915 1503 τὸ
934 1444 966 1503 Α
972 1441 1009 1521 Γ,
1034 1439 1141 1516 οὕτως

126 1545 164 1609 τὸ
187 1548 253 1609 ΔΖ
275 1544 359 1629 πρὸς
381 1547 457 1608 ΔΕ.
494 1540 549 1608 καὶ
572 1540 641 1608 ἐπεὶ
664 1543 709 1619 ὡς
731 1545 768 1608 τὸ
789 1547 855 1633 ΔΖ
878 1545 961 1628 πρὸς
984 1541 1142 1631 ἑκάτερον

128 1662 195 1717 τῶν
227 1655 309 1734 ΛΕ,
334 1655 413 1734 ΕΖ,
450 1649 555 1727 οὕτως
591 1651 628 1714 τὸ
660 1654 725 1714 AB
762 1650 846 1734 πρὸς
882 1647 1037 1736 ἑκάτερον
1074 1660 1142 1717 τῶν

76 1772 109 1820 15
127 1760 302 1841 ΑΓ,.ΓΒ,
330 1759 427 1839 λόγος
450 1758 514 1841 ἄρα
536 1754 592 1820 καὶ
614 1764 674 1821 τοῦ
697 1759 762 1820 AB
791 1757 873 1840 πρὸς
896 1753 1053 1843 ἑκάτερον
1075 1766 1143 1823 τῶν

128 1867 204 1947 ΛΓ,
225 1867 285 1928 ΓΒ
309 1864 432 1940 δοθείς.
619 1948 645 2027 g‘

195 2074 271 2140 ’Βδιν
294 2073 474 2159 δεδομένον
496 2072 636 2158 μέγεθος
659 2076 706 2150 εἰς
728 2073 907 2158 δεδομένον
931 2077 1032 2157 λόγον
1057 2075 1142 2147 διιιι-Ι

130 2189 225 2270 μεθῇ,
249 2178 402 2266 ἑκάτερον
424 2190 492 2244 τῶν
514 2179 692 2263 τμημάτων
715 2179 895 2264 δεδομένον
917 2179 1016 2245 ἐστίν.

77 2301 112 2351 20
197 2284 377 2370 δεδομένον
395 2285 459 2369 γὰρ
477 2278 618 2368 μέγεθος
636 2286 673 2350 τὸ
687 2290 752 2351 ΑΒ
777 2289 823 2362 εἰς
841 2285 1022 2370 δεδομένον
1039 2289 1142 2370 λόγον

79 2377 83 2387 ’
132 2395 305 2480 διῃρήσθω
329 2393 387 2457 τὸν
410 2400 470 2455 τοῦ
493 2394 564 2456 AF
581 2393 664 2478 πρὸς
688 2377 761 2456 ΓΒ·
790 2391 889 2476 λέγω,
913 2393 964 2457 ὅτι
987 2389 1143 2480 ἑκάτερον

132 2511 199 2565 τῶν
222 2505 254 2564 Α
261 2502 296 2585 Γ,
316 2501 376 2563 ΓΒ
399 2497 504 2563 δοθέν
527 2497 625 2563 ἐστιν.

197 2605 266 2672 έτιεὶ
299 2606 361 2690 γὰρ
394 2607 492 2687 λόγος
524 2603 592 2670 ἐστὶ
624 2612 684 2669 τοῦ
713 2607 784 2669 ΑΓ
810 2588 896 2690 τοὺς
923 2607 984 2669 ΓΒ
1016 2605 1144 2688 δοθείς,

131 2715 228 2796 λόγος
254 2714 319 2797 ἄρα
346 2710 400 2775 καὶ
426 2719 486 2775 τοῦ
509 2715 575 2775 AB
602 2712 685 2796 πρὸς
712 2707 866 2796 ἑκάτερον
893 2721 960 2775 τῶν
983 2715 1016 2774 Α
1022 2714 1060 2795 Γ,
1082 2716 1143 2778 ΓΒ

128 2835 342 2851 ψ*

201 2911 226 2958 4.
246 2903 338 2973 λόγος]
357 2899 453 2964 λοέττος
472 2901 533 2972 (sie)
552 2918 576 2956 ιι.
654 2901 684 2956 τὸ
705 2904 755 2955 ΓΒ
778 2918 826 2956 νο.
904 2903 999 2965 αὐτοῖς
1016 2918 1043 2957 ο.
1119 2906 1143 2958 ό.

129 2977 162 3031 τό
183 2979 237 3029 ΕΖ
256 2991 281 3028 a.
354 2972 493 3041 δόρα-
509 2979 533 3028 6.
553 2969 620 3043 ἐστί]
639 2972 720 3041 λόγος
738 2971 794 3041 ἄρα
813 2973 928 3027 καὶτοῦ
947 2975 1004 3028 ΔΕ
1022 2973 1096 3042 πρὸς
1113 2974 1144 3029 τδ

131 3051 186 3101 ΕΖ
204 3063 229 3100 a.
311 3051 335 3099 6.
356 3041 429 3099 ἐστίν
447 3043 501 3098 Pv.
583 3049 607 3098 8.
629 3042 701 3098 ἔστιν
720 3042 772 3098 Pv.
846 3040 877 3098 δέ
896 3041 945 3098 καί
963 3060 989 3098 a.
1062 3044 1146 3115 λόγος

130 3124 219 3173 -16.
235 3113 344 3188 δοθεός]
363 3114 419 3184 ἄρα
437 3113 521 3182 λόγον
539 3112 595 3184 ἔχει
608 3112 775 3183 δεδομένον·
794 3115 831 3176 ὡς
845 3112 876 3168 δὲ
890 3115 961 3183 πρὸς
975 3118 1037 3184 ΕΖ,
1057 3112 1147 3179 οὕτως

130 3190 162 3244 τὸ
180 3192 231 3242 AB
253 3187 323 3312 τιομς
346 3185 482 3309 Quem}
501 3193 565 3309 tgna}
574 3190 605 3310 Αθ
603 3189 634 3273 Γ,
650 3190 712 3239 FB·
736 3186 785 3241 καὶ
802 3186 834 3239 τό
850 3191 902 3273 ,AB
921 3185 991 3254 πρὸς
1010 3184 1146 3278 ἑκάτερον

130 3262 299 3401 ῗέὲιέέο,
314 3262 350 3382 Ξ.
364 3260 445 3381 {⁰⁷3⁶
483 3258 1145 3399 ⁶12.Asssifflffmssass⁰⁷⁰⁶11502⁴23⁰33351

131 3402 201 3457 item
219 3399 330 3454 h'n.12.
410 3402 451 3453 13.
470 3398 502 3452 τὸ
520 3402 577 3453 ΔΕ
595 3398 659 3454 vat.
738 3403 779 3453 19.
800 3397 885 3471 ἐστίν]
906 3398 981 3452 ἔσται
999 3400 1024 3470 β.
1100 3405 1144 3457 21.

130 3473 164 3529 τὸ
183 3476 234 3527 ΓΒ
253 3488 278 3527 ο.
352 3474 394 3527 23.
415 3470 477 3542 FB]
495 3470 526 3525 τὸ
547 3474 602 3524 ΒΓ
617 3487 642 3526 ο.
715 3474 759 3525 24.
777 3467 843 3540 mat}
857 3485 914 3524 om.
929 3469 997 3523 Vah,
