2356 3818
116 135 138 188 L
484 133 762 186 PROLEGOMENA.

114 294 171 331 non
194 275 283 330 audeo
308 274 471 329 discernere.
513 289 604 343 neque
628 273 720 328 minus
745 273 843 327 dubito
868 273 902 327 de
925 290 952 341 p.
969 277 1033 340 152,
1048 276 1131 342 4-5‚

115 355 250 425 quoniam
264 356 352 410 uerba
365 354 443 409 line
459 356 503 423 λ’ση
514 359 574 407 -6
589 350 688 414 δοθείς
706 351 736 405 in
750 352 768 405 b
787 351 828 405 lib
880 351 897 362 ”
918 350 1027 405 incuria
1040 349 1131 405 iuter-

116 435 253 491 ciderunt.
285 435 335 489 sed
348 433 531 489 manifestum
549 435 600 502 est,
619 432 713 488 locum
732 448 749 484 a
768 368 957 502 comffiibus
976 429 1131 499 interpola·

115 515 225 569 toribus
239 514 418 584 inquinatum
432 530 502 568 esse.
525 529 593 566 nam
606 515 638 566 ut
652 511 724 566 illud
737 511 911 582 τετράγωνον
921 510 974 582 γάρ
989 509 1129 580 omittam,

117 596 260 664 σύγκειται
278 595 331 665 γάρ
350 593 496 664 inprimis
515 610 548 647 eo
567 592 642 659 loco,
666 592 716 646 ubi
735 592 965 661 deprehenditur,
984 589 1056 659 quid
1075 589 1131 645 sibi

117 675 196 744 uelit,
214 692 272 728 non
289 673 433 745 intellego,
452 689 504 727 nec
522 671 622 741 magis,
641 671 781 740 quomodo
800 688 835 725 ex
853 671 897 740 iis,
916 687 989 741 quae
1003 669 1130 740 proxime

117 755 296 823 antecedunt,
316 753 464 821 efficiatur,
484 751 622 806 rationem
641 756 692 805 ΑΖ
706 777 712 807 :
728 755 784 804 ΕΔ
804 752 901 805 datam
920 767 989 820 esse,
1008 749 1039 804 id
1054 750 1130 820 quod

115 836 263 904 practerea
284 832 358 886 nulli
380 831 426 886 hic
452 831 515 885 usui
539 832 594 896 est3
619 848 645 885 u.
664 849 691 898 p.
709 836 759 884 153
773 833 831 886 not.
868 833 977 885 restant
996 828 1047 884 olii
1064 829 1130 901 loci,

117 913 219 983 quibus
237 929 294 966 non
313 911 492 965 mediocriter
510 909 642 978 offendar,
662 910 742 964 uelut
759 930 785 980 p.
799 916 866 980 78,6
883 908 1068 965 δέδοται-7
1084 930 1130 980 με·

117 996 211 1064 γέθει;
230 1012 257 1062 p.
274 996 333 1059 126,
350 997 383 1045 16
404 989 486 1061 ἐχέτω
501 996 583 1044 -17
603 987 772 1059 δεδομένους
791 991 841 1044 sed
860 989 988 1044 codicum
1007 989 1130 1044 auctori-

117 1076 207 1128 tatem
224 1070 309 1124 nimis
328 1069 502 1125 labefactare
520 1069 616 1125 nolim.
646 1070 681 1124 de
699 1069 964 1140 interpolationibus
985 1069 1131 1124 aTheone

117 1151 240 1208 excussis
260 1168 345 1219 supra
364 1150 471 1205 dictum
490 1153 540 1206 est.
560 1182 594 1190 —
614 1170 641 1220 p.
659 1155 718 1219 132,
734 1155 767 1202 20
787 1147 845 1203 ἔστι
859 1182 892 1189 -
908 1154 940 1202 21
961 1151 1083 1204 δοθεῖσα
1102 1149 1131 1204 in

118 1233 258 1303 adparatu
281 1247 318 1285 cr.
343 1230 502 1301 significaui
524 1231 645 1285 fortasse
669 1228 842 1299 interpolata
865 1245 934 1285 esse.
981 1229 1059 1297 qnod
1083 1247 1131 1284 cur

117 1329 175 1366 non
190 1311 424 1380 adseueramrim,
440 1313 510 1366 duas
525 1310 702 1381 potissimum
714 1309 806 1363 habeo
821 1326 930 1377 causas,
945 1325 1039 1378 unam,
1055 1309 1132 1378 quod

118 1390 250 1445 Euclides
269 1390 356 1460 nullo,
375 1393 514 1460 quantum
527 1389 650 1457 memini,
669 1387 731 1444 loco
747 1388 845 1442 eodem
858 1388 1009 1444 breuitatis
1028 1404 1131 1459 genere

117 1471 215 1540 utitur,
230 1470 358 1540 alteram,
373 1471 448 1539 quod
462 1471 605 1525 Thoonem
619 1467 746 1538 suspicor
759 1467 832 1521 nihil
845 1468 932 1523 fuisse
946 1470 1131 1538 mutaturum,

119 1552 143 1605 si
166 1551 217 1605 illa
240 1551 329 1605 uerba
351 1550 381 1603 in
406 1549 560 1620 exemplari
584 1549 643 1603 eius
668 1546 829 1602 defuissent.
867 1565 985 1616 cumque
1006 1548 1037 1601 in
1056 1566 1131 1604 com·

47 1647 49 1650 ’
117 1630 196 1684 muni
223 1630 301 1684 fonte
329 1630 409 1684 codd.
429 1629 544 1684 PVat.v
572 1628 632 1682 sine
660 1626 745 1682 dubio
773 1627 895 1697 margini
923 1631 1007 1698 supra
1036 1627 1132 1698 ipsum

119 1710 255 1765 scholium
268 1727 309 1762 nr.
321 1714 372 1763 143
387 1707 530 1780 adscripta
545 1710 645 1779 essent,
665 1725 721 1761 non
735 1709 904 1777 potestesse
922 1708 1033 1777 mirum,
1053 1708 1131 1777 quod

121 1794 149 1846 et
166 1789 298 1844 librarius
318 1788 422 1843 codicis
440 1788 505 1843 Vat.
526 1787 713 1857 existimauit,
734 1788 892 1843 omissionis
912 1788 1024 1859 signum
1042 1789 1133 1845 etiam

120 1869 156 1924 ad
170 1869 258 1923 uerba
272 1867 355 1921 huius
371 1867 471 1922 scholii
484 1867 633 1937 pertinere,
649 1870 677 1922 et
691 1867 823 1922 librarius
838 1867 943 1922 codicis
952 1885 971 1921 v
984 1866 1058 1921 illud
1073 1867 1134 1925 ἔστι
1168 1918 1170 1925 .

120 1949 151 2003 δὲ
171 1949 220 2002 καὶ
236 1947 253 2015 ἡ
273 1947 328 2002 ὑπὸ
343 1952 370 2000 Κ
375 1951 424 2000 ΓΒ
444 1949 565 2001 δοθεῖσα
583 1950 692 2017 partem
712 1947 771 2002 eius
787 1964 847 2003 esse
861 1947 1062 2018 interpretatus
1077 1952 1132 2007 est

190 2028 299 2082 Primus
315 2027 350 2080 de
364 2028 501 2080 Datorum
516 2026 588 2080 libro
602 2027 714 2097 Pappus
730 2027 888 2101 accuratius
903 2027 1032 2098 exposuit
1045 2030 1134 2100 atque

119 2108 150 2161 in
172 2123 205 2160 eo
229 2105 396 2175 exemplari,
424 2106 499 2174 quod
526 2106 557 2159 in
583 2106 714 2160 manibus
741 2107 879 2176 habebat,
908 2106 1134 2178 propositionum

119 2203 277 2253 numerum,
297 2185 404 2239 sicum
422 2185 525 2240 nostris
545 2185 688 2240 codicibus
708 2186 872 2256 contuleris,
896 2190 977 2258 patet
994 2186 1133 2245 minorem

119 2265 214 2321 fuisse.
252 2264 321 2318 dicit
344 2264 420 2319 enim
437 2263 493 2319 uol.
508 2265 534 2318 H
551 2285 578 2334 p.
595 2270 654 2334 638,
671 2271 821 2336 1-640,1
842 2268 884 2322 cd.
904 2266 1024 2321 Hultsch
1046 2267 1132 2326 haec:

119 2344 243 2415 περιέχει
257 2344 288 2399 δὲ
303 2344 333 2398 τὸ
348 2352 459 2414 πρῶτον
470 2346 585 2417 βιβλίον,
601 2342 668 2414 ὅπερ
680 2340 754 2399 έστὶυ
768 2355 823 2401 τῶν
834 2343 1001 2416 δεδομένων,
1017 2345 1134 2405 ἅπαντα

119 2423 291 2494 θεωρήματα
314 2420 496 2492 ἐνενήκοντα·
527 2419 565 2479 ώυ
588 2434 684 2495 πρῶτα
709 2426 760 2496 μὲν
785 2426 911 2482 καθόλου
931 2421 978 2480 lul
1000 2433 1133 2497 μεγεθῶν

120 2503 320 2574 διαγράμματα
339 2504 396 2574 κγ’,
423 2504 455 2558 τὸ
479 2503 510 2558 δέ
535 2504 564 2558 δ’
584 2505 633 2559 καὶ
651 2506 680 2559 κ’
700 2502 731 2561 έν
752 2507 879 2568 εύθείαις
897 2501 972 2560 ἐστὶν
990 2504 1133 2578 ἀνάλογον

120 2585 190 2639 άνεν
207 2583 322 2648 θέσεως.
364 2583 399 2637 τά
422 2583 453 2638 δὲ
473 2577 536 2652 ἑξῆς
559 2585 667 2648 τούτοις
686 2587 725 2640 ιδ’
747 2583 778 2642 έν
802 2588 929 2648 εὐθείαις
952 2580 1027 2639 ἐστὶν
1049 2587 1134 2643 θέσει

122 2662 300 2733 δεδομέναις·
324 2663 359 2718 τά
382 2663 413 2718 δὲ
433 2663 541 2726 τούτοις
564 2660 627 2735 έξῆς
645 2666 667 2720 ι’
688 2662 734 2720 ἐπὶ
752 2667 892 2736 τριγώνων
911 2662 986 2721 ἐστὶν
1004 2671 1042 2738 τῷ
1062 2669 1133 2723 εἴδει

121 2742 280 2815 δεδομένων
305 2744 375 2798 άυευ
398 2742 511 2807 θέσεως.
551 2745 586 2798 τά
609 2745 641 2800 δὲ
665 2740 728 2815 έξῆς
750 2746 858 2807 τούτοις
876 2745 901 2811 ζ’
921 2741 967 2800 ἐπὶ
990 2745 1132 2815 τυχόντων

122 2820 197 2879 έστὶυ
221 2823 428 2895 εύθνγράμμων
451 2827 558 2894 χωρίων
583 2828 652 2880 εἴδει
675 2824 834 2895 δεδομένων
858 2825 926 2880 άνεν
945 2823 1060 2888 θέσεως.
1098 2825 1133 2882 τὰ

121 2903 154 2959 δὲ
178 2900 241 2972 ἑξῆς
264 2904 373 2964 τούτοις
391 2903 419 2962 ς’
440 2900 471 2959 έν
489 2905 785 2976 παραλληλογράμμοις
809 2901 866 2960 έστλ
888 2905 937 2959 καὶ
956 2907 1134 2978 παραβολαῖς

122 2986 192 3039 εἴδει
215 2982 375 3053 δεδομένων
398 2988 513 3055 χωρίων.
555 2994 610 3040 τῶν
634 2986 666 3041 δέ
690 2981 829 3055 ἐχομένων
850 2985 875 3039 ε’
894 2986 926 3040 τὸ
945 2984 996 3054 μὲν
1019 2994 1132 3055 πρῶτον
1168 3032 1170 3047 .

121 3061 303 3133 γραφόμενόν
322 3059 409 3132 ἔστιν,
432 3064 517 3120 τὰδὲ
537 3065 566 3118 δ’
587 3061 633 3120 ἐπὶ
654 3067 794 3136 τριγώνων
813 3067 933 3135 χωρίων,
958 3062 1000 3119 ὅτι
1019 3063 1053 3119 αλ
1069 3068 1133 3122 δια·

122 3142 210 3213 φοραὶ
223 3151 278 3198 τῶν
293 3142 439 3213 δυνάμεων
457 3153 512 3200 τῶν
526 3149 652 3215 πλευρῶν
671 3146 740 3215 πρὸς
753 3154 841 3198 ταῦτα
860 3144 894 3198 τά
908 3146 1028 3215 τρίγωνα
1043 3148 1133 3217 χωρία

122 3221 205 3291 λόγου
224 3222 335 3292 ἔχουσιν
355 3223 515 3294 δεδομένον.
553 3226 588 3280 τά
611 3225 642 3280 δὲ
667 3221 730 3294 έξῆς
748 3226 772 3291 ζ’
794 3224 845 3288 ἕως
867 3233 917 3278 τοῦ
937 3224 963 3278 ο’
984 3224 1032 3278 καὶ
1051 3225 1081 3294 γ’
1102 3221 1132 3282 έν

122 3303 187 3357 δνσὶ
204 3304 507 3375 παραλληλογράμμοις,
528 3303 571 3360 ὅτι
589 3306 638 3360 διὰ
655 3307 705 3368 τὰς
723 3305 753 3358 ἐν
768 3311 830 3367 ταῖς
847 3306 961 3374 γωνίαις
979 3303 1134 3369 ὑποθέσεις

123 3377 154 3437 έν
177 3381 339 3453 δεδομένοις
362 3380 435 3439 ἐστὶν
459 3385 550 3454 λόγοις
573 3387 642 3455 πρὸς
665 3385 781 3454 άλληλα,
810 3383 872 3439 έυια
896 3383 927 3439 δὲ
946 3383 1052 3438 τούτων
1072 3380 1132 3441 ἔπι-

122 3462 220 3534 λύγονς
243 3463 300 3534 ἔχει
323 3463 436 3533 ὁμοίους
458 3460 489 3520 έν
513 3465 576 3519 δνσὶ
599 3466 751 3536 τριγώνοις.
789 3460 820 3519 έν
843 3464 875 3520 δέ
899 3471 956 3526 τοῖς
979 3463 1084 3535 ἐφεξῆς
1102 3465 1131 3526 ς’
