2356 3818
102 139 167 205 336
384 142 566 193 APPENDIX
585 139 828 192 sonomoRUM.

102 287 185 372 πρὸς
208 289 285 370 ΒΕ,
314 285 420 361 οὕτως
442 284 462 366 ἡ
487 287 549 349 ΓΔ
571 284 654 369 πρὸς
677 289 757 348 ΛΕ·
787 287 877 348 ἔστιν
900 287 963 371 ἄρα
990 278 1046 348 καὶ
1070 284 1114 359 ὡς

103 395 352 476 συναμφότερος
370 391 390 474 η
406 395 506 456 ΒΑΓ
519 393 602 478 πρὸς
616 394 688 474 ΒΓ,
708 391 846 475 οὕτωςὴ
863 395 923 457 ΓΛ
941 393 1024 478 πρὸς
1036 395 1113 455 ΔΕ.

103 499 140 564 τὸ
160 500 224 582 ἄρα
242 499 307 564 ὑπὸ
326 497 457 585 πρώτης
475 495 530 562 καὶ
548 497 713 584 τετάρτης,
731 497 880 563 τουτέστι
898 500 936 564 τὸ
954 498 1020 564 ὑττδ
1038 515 1115 563 συν-

42 651 46 658 -
103 605 293 690 αμφοτέρου
307 614 366 687 τῆς
378 607 479 668 ΒΑΓ
491 602 547 668 καὶ
565 613 622 688 τῆς
640 609 703 668 ΕΛ
723 611 797 669 ἴσον
815 613 860 692 τῷ
878 604 944 670 ὑπὸ
959 602 1115 691 δευτέρας

69 720 85 768 5
104 710 159 776 καὶ
177 715 299 795 τρίτης,
315 720 360 798 τῷ
378 710 444 775 ὑπὸ
462 722 530 775 τῶν
544 714 615 794 ΒΓ,
632 714 706 776 ΓΔ·
730 708 834 776 δοθὲν
852 708 890 775 δὲ
907 712 944 776 τὸ
962 711 1028 776 ὑπὸ
1047 723 1115 776 τῶν

105 821 177 903 ΒΓ,
193 822 266 884 ΓΛ·
291 820 429 883 δοθεῖσα
447 819 510 904 γὰρ
525 815 660 904 ἑκατέρα
676 828 744 882 τῶν
758 822 787 882 Β
793 822 829 901 Γ,
845 821 907 882 ΓΛ
926 819 1033 883 διὰτὸ
1047 817 1114 902 πη’·

105 924 125 1008 ἡ
153 922 213 1009 μὲν
240 926 303 1011 γὰρ
329 929 392 990 ΒΛ
420 924 643 1009 ἀπολαμβάνει
675 934 783 1009 τμῆμα
816 927 852 990 τὸ
880 928 1008 989 ΒΑΓΔ
1039 927 1115 1007 ἔχον

106 1030 288 1116 δεδομένην
305 1035 432 1114 γωνίαν
453 1033 515 1115 τὴν
534 1032 599 1096 ὑπὸ
618 1036 725 1117 ΒΑΔ,
748 1031 767 1114 ἡ
788 1028 824 1095 δὲ
844 1035 904 1096 ΓΛ
925 1033 962 1096 τὸ
981 1034 1120 1096 ΔΒΑΓ

105 1147 213 1223 τμῆμα
241 1142 318 1221 ἔχον
345 1139 504 1203 δοθεῖσαν
530 1141 657 1222 γωνίαν
683 1140 745 1222 τὴν
770 1137 835 1203 ὑπὸ
863 1141 979 1202 ΔΑΓ·
1013 1133 1116 1201 δοθὲν

54 1260 87 1308 10
106 1246 170 1328 ἄρα
192 1243 247 1309 καὶ
270 1246 307 1309 τὸ
325 1245 390 1310 ὑπὸ
414 1243 666 1331 συναμφοτέρου
688 1254 747 1329 τῆς
765 1248 866 1309 ΒΑΓ
883 1242 1018 1328 καὶτῆς
1040 1248 1114 1307 ΕΔ.

1027 1435 1033 1453 9

1038 1479 1042 1488 ι

178 1444 202 1492 2.
227 1437 244 1507 ἡ
264 1417 508 1507 συναμφότεροςὴ
527 1438 621 1505 Vm).
673 1508 676 1513 ἡ
696 1442 719 1491 6.
738 1436 803 1509 κη’]
822 1435 905 1490 hlfius
925 1436 967 1491 ed.
987 1437 1024 1500 ττζ
