2356 3818
153 827 155 832 -
192 789 336 868 Πρώτου
364 784 417 848 δεῖ
445 781 584 867 θέσθαι,
611 787 646 848 τί
668 786 705 849 τὸ
729 781 922 868 δεδομένον·
956 786 1084 868 ἔπειτα,
1109 787 1141 848 τί

125 891 162 954 τὸ
185 892 347 975 χρήσιμον
370 899 428 974 τῆς
450 888 525 975 περὶ
544 891 666 955 τούτου
685 894 917 976 πραγματείας,
941 892 1061 954 είπελν·
1087 888 1137 954 καὶ

125 998 249 1080 τρίτον,
272 995 338 1060 ὑπὸ
361 998 436 1060 τίνα
460 994 642 1079 ἐπιστήμην
666 995 830 1078 ἀνάγεται.

188 1098 369 1185 Ὁρίζονται
393 1102 434 1184 δὴ
461 1102 499 1165 τὸ
528 1100 710 1184 δεδομένον
736 1106 922 1185 πολλαχῶς,
955 1100 1012 1175 καὶ
1035 1104 1138 1178 άλλως

90 1202 186 1290 ὁμέν
219 1207 254 1269 οί
283 1210 508 1292 παλαιότεροι,
541 1208 648 1282 άλλως
676 1203 713 1270 δέ
740 1208 775 1270 οί
799 1208 967 1293 νεώτεροι·
1005 1209 1061 1273 διὸ
1087 1205 1137 1272 καί

127 1308 249 1394 συνέβη
273 1314 417 1396 χαλεπὴν
438 1307 523 1376 εἶναι
542 1314 603 1395 τῆν
622 1311 732 1395 ἀληθῆ
751 1311 827 1398 περὶ
845 1313 949 1378 αὐτοῦ
969 1313 1137 1392 ἀπόδοσιν,

125 1415 180 1480 καὶ
204 1420 286 1482 ένιοι
310 1415 370 1501 μέν
393 1415 472 1483 οὐδὲ
494 1418 634 1503 ὁρισμόν
658 1440 733 1483 τινα
756 1419 859 1483 αὐτοῦ
879 1419 1136 1503 ἀποδεδώκασιν,

127 1524 215 1588 ίδιον
252 1522 292 1587 δέ
320 1547 352 1588 τι
389 1533 449 1589 τοῦ
490 1521 670 1608 δεδομένου
703 1525 869 1610 εὑρίσκειν
901 1524 1136 1612 ἐπειράθησαν·

127 1627 232 1714 έτεροι
256 1627 293 1694 δὲ
317 1628 557 1713 συμπλέξαντες
579 1632 643 1714 ῆδη
663 1632 703 1694 τά
720 1629 799 1716 παρ’
816 1631 952 1696 ἐκείνων
971 1632 1137 1719 ὁρίζεσθαι

74 1745 107 1793 10
127 1736 207 1800 αὐτὸ
236 1735 449 1821 ἐπεχείρησαν
475 1734 531 1800 καὶ
559 1734 638 1801 οὐδὲ
665 1732 758 1801 οὗτοι
785 1738 975 1821 συμφώνως
1002 1735 1136 1815 ἑαυτοῖς.

127 1839 251 1906 έοίκασι
279 1839 316 1906 δὲ
338 1842 458 1917 πάντες
486 1841 521 1906 έκ
544 1852 621 1926 μιᾶς
648 1840 703 1906 καὶ
726 1851 784 1926 τῆς
806 1843 908 1926 αὐτῆς
931 1842 1066 1922 ἑννοίας
1086 1841 1136 1910 καί

127 1946 322 2030 ὑπολήψεως
349 1947 551 2033 ὁρμηθέντες
580 1947 689 2030 λέγειν
715 1972 747 2012 τι
778 1946 854 2035 περὶ
886 1950 1005 2014 αὐτοῦ·
1045 1974 1136 2016 κατα-

129 2054 253 2133 ληπτὸν
276 2053 339 2134 γάρ
363 2077 394 2118 τι
417 2056 454 2119 τὸ
479 2052 659 2138 δεδομένον
682 2049 768 2119 εἶναι
786 2052 963 2138 ὑπέλαβον.
1001 2057 1056 2121 διὸ
1075 2068 1136 2122 τών

128 2155 353 2242 ἁπλούστερον
370 2157 425 2222 καὶ
443 2169 503 2246 μιᾷ
516 2183 583 2224 τινι
597 2160 744 2246 διαφορᾷ
761 2161 981 2244 περιγράφειν
995 2163 1034 2226 τὸ
1049 2163 1136 2227 δεδο-

74 2273 108 2322 15
126 2260 228 2345 μένον
249 2263 468 2349 προθεμένων
491 2266 526 2329 oc
545 2262 606 2349 μέν
624 2264 832 2349 τεταγμένον,
856 2266 901 2342 ὡς
921 2264 1135 2343 Ἀπολλώνιος

127 2367 164 2431 έν
190 2377 236 2455 τῷ
263 2368 339 2453 περὶ
361 2371 507 2435 νεύσεων
533 2368 588 2435 καλ
617 2370 654 2435 έν
681 2381 720 2456 τῆ
747 2375 897 2436 καθόλου
923 2377 1135 2461 πραγματείᾳ,

127 2475 163 2538 οί
183 2472 220 2539 δὲ
243 2477 423 2561 γνώριμον,
448 2476 492 2552 ὡς
515 2477 703 2562 Διόδωρος·
728 2477 814 2542 οὕτω
838 2478 902 2564 γάρ
924 2479 991 2555 τάς
1009 2479 1136 2554 ἀκτῖνας

127 2578 182 2643 καὶ
205 2581 263 2657 τάς
285 2585 410 2664 γωνίας
433 2583 594 2646 δεδόσθαι
619 2580 704 2664 λέγει
728 2580 783 2646 καὶ
806 2591 873 2647 πᾶν
891 2585 929 2648 τὸ
948 2585 998 2660 είς
1015 2587 1134 2668 γνῶσίν

127 2708 202 2750 τινα
225 2685 337 2771 έλθόν,
360 2685 416 2752 καὶ
439 2689 471 2751 εί
491 2688 535 2770 μὴ
559 2687 660 2772 ῥητὸν
683 2693 742 2770 είη.
779 2690 863 2752 ἔνιοι
881 2685 919 2752 δὲ
937 2689 1042 2775 ῥητὸν
1060 2690 1132 2755 αὐτὸ

74 2803 109 2851 20
128 2785 213 2854 εἶναι
241 2790 468 2878 ἀπεφήναντο,
498 2793 607 2877 ὥσπερ
636 2793 729 2856 δοκεῖ
749 2792 767 2857 ὁ
791 2797 1015 2879 Πτολεμαῖος,
1046 2797 1132 2861 δεδο-

126 2894 208 2979 μένα
232 2894 630 2983 έκεϊναπροσαγορεύων,
655 2893 703 2962 ὧν
725 2899 761 2962 τὸ
785 2897 906 2983 μέτρον
930 2899 1000 2966 ἐστὶ
1019 2903 1130 2984 γνώρι-

196 3087 347 3158 δκόμνημα
371 3088 410 3149 είς
427 3108 463 3141 τα
486 3087 625 3157 δεδομένα
649 3086 807 3159 ευκλείδυις
825 3090 883 3144 ἀπο
903 3098 1001 3160 φωνῆς
1021 3088 1129 3160 μαρίνον

127 3157 282 3228 φιλοσόφου
300 3158 460 3226 m.1Vafi.;
480 3157 643 3227 προθεωρία
662 3168 717 3214 τῶν
737 3157 880 3214 εόκλείδου
900 3158 1062 3230 δεδομένων
1078 3158 1127 3214 ἀπὸ

126 3238 222 3299 φωνῆς
249 3227 369 3297 μαρίνου
398 3227 553 3297 φιλοσόφου
581 3247 636 3299 mg.
661 3247 696 3283 m.
723 3237 738 3283 2
767 3233 926 3285 atramento
950 3231 1036 3287 rubro
1059 3231 1126 3293 vam

126 3304 316 3369 προλεγομενα
334 3309 390 3354 τῶν
405 3302 563 3367 δεδομενων
579 3302 722 3354 ευκλειδου
739 3319 796 3355 ατο
812 3321 908 3371 φωνης
923 3300 1045 3371 μαρίνον
1058 3303 1126 3372 φιλο·

124 3371 216 3440 σόφου
239 3389 263 3426 v.
358 3375 381 3423 7.
410 3371 458 3424 καλ
483 3368 552 3424 ἔνιοι
572 3369 622 3439 μὲν
642 3368 720 3441 οὐδέ]
745 3370 815 3426 ἔνιοι
833 3369 885 3440 μὲν
903 3372 959 3442 γὰρ
986 3371 1048 3429 οόδ’
1071 3371 1124 3426 vat
