2356 3818
398 207 402 213 Ι
533 140 637 191 nrm.
1049 136 1090 200 79

71 288 229 356 EA>Z
253 281 363 368 [V,16;
381 281 422 368 V,
438 281 514 366 14].'
539 286 669 366 aptetur
686 286 793 346 rectae
810 285 837 344 Z
860 282 1003 366 aequalis
1019 285 1097 345 ΛΗ

75 387 210 473 [1V,1],
233 393 266 453 et
284 388 421 454 ducatur
434 392 514 472 HE,
536 392 569 452 et
588 392 700 453 centro
715 394 756 471 A,
779 387 871 452 radio
895 393 1004 451 autem
1019 393 1052 450 Δ
1057 391 1096 451 Η

72 495 217 561 circulus
248 495 449 560 describatur
484 498 559 558 ΘΗ
562 497 602 558 Κ.
661 494 772 578 itaque
809 493 947 557 circulus
983 495 1095 557 ΘΗΚ

72 603 172 667 datus
196 603 247 668 est
268 601 432 686 positione
457 601 531 684 [def.
552 600 600 685 6];
632 623 709 664 nam
732 601 845 664 datum
864 604 914 662 est
932 599 1001 662 eius
1021 620 1092 662 een-

70 713 165 772 trum
193 707 356 792 positione
385 711 418 771 et
440 707 550 770 radius
578 703 809 791 magnitudine.
856 726 970 768 uerum
993 704 1091 767 etiam

71 813 300 880 semicirculus
314 819 348 877 A
355 816 425 877 HE
435 812 600 896 positione
615 813 710 876 datus
726 815 784 875 est.
811 811 922 893 itaque
935 813 1092 894 punctum

401 1560 689 1621 'Kuzn

70 1701 114 1762 H
149 1698 262 1762 datum
299 1702 348 1762 est
381 1698 485 1783 [prop.
514 1695 631 1780 XXVJ.
692 1697 748 1760 sed
786 1695 884 1759 etiam
918 1699 1091 1776 utrumque

71 1809 236 1888 punctum
260 1809 302 1888 A,
319 1808 351 1868 E
376 1804 489 1868 datum
514 1808 572 1867 est.
617 1803 728 1886 itaque
753 1822 965 1884 unaquaeque
990 1804 1091 1863 recta-

70 1931 150 1973 rum
173 1913 250 1993 ΗΔ,
267 1914 344 1994 ΛΕ,
362 1912 436 1974 ΕΗ
454 1908 616 1994 positione
640 1911 673 1972 et
696 1906 919 1992 magnitudine
943 1906 1018 1969 data
1041 1911 1091 1969 est

71 2014 182 2099 [prop.
201 2013 335 2098 XXVI}
373 2037 450 2100 ergo
474 2013 657 2099 triangulus
677 2017 782 2077 ΗΔΕ
802 2014 897 2076 datus
917 2016 966 2076 est
985 2010 1091 2096 specie

72 2121 182 2205 [prop.
211 2119 374 2204 XXXIX}
433 2121 499 2184 iam
532 2120 685 2202 quoniam
722 2120 785 2184 duo
822 2119 978 2204 trianguli
1015 2122 1091 2182 sunt

71 2228 191 2310 ΑΒΓ,
214 2229 326 2290 ΔΕΗ
352 2248 454 2289 unum
486 2226 641 2310 angulum
675 2226 731 2288 uni
767 2225 886 2310 angulo
924 2224 1090 2308 aequalem

69 2332 249 2417 habentes,
281 2334 598 2408 LBAF=AHE
620 2331 699 2416 [III,
722 2330 793 2416 31],
826 2335 859 2394 et
881 2329 984 2394 latera
1007 2330 1088 2393 alios

71 2440 158 2503 duos
179 2438 316 2524 angulos
336 2440 439 2521 ΓΒΑ,
454 2441 568 2501 ΕΔΗ
586 2437 891 2520 comprehendentia
909 2435 1091 2520 proportio-

69 2544 165 2610 nalia
187 2548 220 2608 et
242 2543 384 2627 reliquos
409 2543 544 2628 angulos
565 2546 593 2606 B
601 2545 668 2627 ΓΑ,
691 2547 802 2607 ΔΕΗ
824 2542 969 2627 singulos
994 2539 1091 2604 simul

70 2650 219 2715 minores
241 2654 331 2715 recto
356 2650 399 2734 [l,
425 2649 494 2734 17],
521 2649 583 2713 erit
605 2650 930 2716 ΔΑΒΓΝΔΕΗ
949 2645 1090 2729 [V1,7].

71 2757 133 2822 sed
157 2755 191 2823 Δ
206 2759 318 2820 ΔΕΗ
346 2745 440 2819 datus
472 2759 522 2818 est
551 2755 664 2839 specie.
716 2776 793 2839 ergo
822 2753 920 2817 etiam
943 2753 978 2819 Δ
993 2755 1098 2816 ΑΒΓ

72 2865 173 2928 datus
197 2866 247 2926 est
271 2860 376 2945 specie
400 2860 476 2944 [def.
496 2859 539 2943 3].

527 3019 642 3084 XLIV.

144 3133 180 3199 Si
198 3133 381 3218 triangulus
401 3155 502 3197 unum
521 3134 677 3218 angulum
696 3134 809 3198 datum
823 3134 924 3198 habet
943 3138 976 3199 et
989 3135 1092 3198 latera

72 3241 178 3306 alium
215 3239 371 3325 angulum
403 3239 709 3324 comprehendentia
746 3240 831 3303 inter
866 3263 900 3304 se
932 3234 1090 3304 rationem

70 3347 199 3412 habent
223 3346 340 3430 datam,
363 3344 547 3429 triangulus
572 3346 667 3409 datus
690 3351 740 3409 est
765 3346 879 3429 specie.

148 3483 180 3537 In
198 3483 220 3536 P
239 3488 267 3538 K
283 3487 410 3538 centrum
429 3487 472 3538 est
491 3483 667 3540 semicirculi.
