2356 3818
124 120 189 190 114
527 125 731 177 ΔΕΔΟΜΕΝΔ.

122 275 160 337 τὸ
183 275 528 356 παραλληλόγραμμον
551 271 653 352 λόγον
677 265 873 351 δεδομένον,
902 263 1032 330 δέδοται
1051 285 1069 328 α

124 380 399 464 αλληλόγραμμον
422 385 467 463 τῷ
494 377 584 440 ελδει.

192 483 253 548 δύο
278 483 340 567 γὰρ
369 483 498 547 εὐθεῖαι
527 483 564 546 αλ
586 485 657 564 ΑΒ,
677 484 739 545 ΓΛ
764 481 849 565 πρὸς
872 478 1015 561 ἀλλήλας
1036 479 1068 542 λό

124 588 287 672 ἐχέτωσαν
315 587 511 671 δεδομένον,
542 586 597 652 καὶ
626 586 874 672 ἀναγεγράφθω
903 585 968 650 ἀπὸ
995 581 1051 667 μὲν

89 707 105 754 σ
125 699 190 760 ΑΒ
211 693 392 778 δεδομένον
410 704 455 781 τῷ
475 695 556 758 εἴδει
575 688 664 768 εἶδος
681 692 718 757 τὸ
738 696 849 775 ΑΕΒ,
869 691 937 783 ἀπὸ·
953 687 990 755 δὲ
1007 699 1060 772 τῆς

123 805 468 887 παραλληλόγραμμον
491 802 528 865 τὸ
552 805 585 864 Δ
591 804 618 862 Ζ
642 799 679 864 έν
702 796 864 883 δεδομένῃ
888 799 995 883 γωνίᾳ
1016 805 1069 880 σῖγ’

124 919 192 972 τῶν
213 911 317 991 ΖΓΛ,
341 910 438 988 λόγος
462 903 499 971 δὲ
522 909 604 970 ἔστω
623 914 683 969 τοῦ
702 910 767 969 ΕΒ
791 905 903 979 εἴδους
921 905 1004 988 πρὸς
1021 903 1055 966 τὸ

124 1017 468 1099 παραλληλόγραμμον
493 1014 622 1088 δοθείς·
655 1009 754 1093 λέγω,
784 1011 834 1074 ὅτι
858 1006 991 1073 δέδοται
1013 1009 1069 1071 τὸ.

125 1121 468 1205 παραλληλόγραμμον
491 1127 536 1205 τῷ
561 1118 650 1184 εἴδει.

74 1234 107 1282 10
194 1224 439 1309 ἀναγεγράφθω
463 1225 526 1308 γὰρ
546 1223 610 1287 ἀπὸ
629 1233 687 1307 τῆς
705 1227 771 1287 ΑΒ
795 1232 841 1310 τῷ
861 1225 928 1285 ΛΖ
952 1221 1062 1304 ὅμοιον

125 1330 248 1413 ὁμοίως
262 1333 413 1414 κείμενον
430 1333 776 1414 παραλληλόγραμμον
791 1330 829 1392 τὸ
844 1331 926 1391 ΑΗ.
951 1324 1028 1391 ιέπεὶ
1041 1330 1069 1388 λλ

127 1434 196 1501 ἐστὶ
219 1445 277 1519 τῆς
300 1440 365 1499 ΑΒ
387 1436 471 1521 πρὸς
494 1438 556 1520 τὴν
580 1438 640 1499 ΓΔ
665 1436 794 1517 δοθείς,
817 1432 873 1498 καὶ
897 1431 1069 1517 ἀναγέγραν

127 1542 190 1607 ἀπὸ
223 1552 290 1606 τῶν
317 1547 394 1624 ΑΒ,
419 1545 480 1606 ΓΛ
512 1543 609 1625 ὅμοια
639 1539 695 1605 καὶ
725 1541 847 1624 ὁμοίως
878 1543 1012 1623 κείμενα
1038 1537 1069 1601 εὐ

126 1671 260 1733 γραμμα
286 1648 327 1712 τὰ
350 1652 436 1731 ΑΗ,
457 1653 533 1730 ΖΛ,
565 1650 664 1730 λόγος
691 1649 755 1732 ἄρα
784 1645 852 1711 έστλ
875 1655 936 1710 τοῦ
959 1649 1036 1708 ΑΗ
1056 1667 1069 1706 α

74 1763 107 1810 15
127 1757 164 1819 τὸ
189 1759 250 1818 ΖΛ
278 1755 401 1830 δοθείς.
446 1762 507 1818 τοῦ
535 1750 572 1817 δὲ
597 1758 657 1816 ΖΛ
684 1754 767 1838 πρὸς
794 1754 831 1816 τὸ
855 1755 918 1815 ΕΒ
947 1754 1044 1832 λόγος
1068 1795 1069 1806 λ

128 1862 251 1937 δοθείς.
305 1858 360 1924 καὶ
388 1868 447 1923 τοῦ
475 1863 538 1923 ΕΒ
572 1861 635 1944 ἄρα
662 1860 746 1944 πρὸς
771 1860 809 1922 τὸ
837 1861 915 1921 ΑΗ
942 1859 1041 1939 λόγος

128 1968 251 2042 δοθείς.
306 1969 365 2029 καί
395 1964 464 2030 ἐστι
496 1966 636 2029 δοθεῖσα
664 1964 771 2049 ἡὺαὸ
801 1975 869 2028 τῶν
896 1967 996 2027 ΒΑΘ
1023 1984 1067 2044 γω

129 2076 183 2154 ἴση
212 2072 275 2156 γάρ
300 2070 369 2135 ἐστι
395 2081 435 2157 τῇ
458 2071 523 2135 ὑπὸ
549 2075 652 2135 ΖΓΔ.
699 2069 768 2135 ἐπεὶ
796 2066 858 2136 οὖν
886 2067 1065 2152 δεδομένον

128 2175 209 2239 εἴδει
233 2175 344 2250 εἴδους
365 2184 426 2239 τοῦ
444 2179 508 2238 ΕΒ
531 2176 621 2260 παρὰ
638 2178 719 2259 μίαν
737 2186 805 2239 τῶν
823 2179 978 2259 πλευρῶν
996 2176 1055 2256 τὴν

75 2291 109 2340 ‘20
128 2278 372 2363 παραβέβληται
396 2282 432 2345 τὸ
455 2284 533 2344 ΑΗ
552 2281 588 2345 έν
612 2279 772 2366 δεδομένῃ
795 2282 902 2366 γωνίᾳ
924 2289 965 2366 τῇ
988 2279 1051 2344 ὑπὸ

132 2389 227 2449 ΕΑΒ
259 2383 314 2449 καὶ
342 2389 440 2468 λόγος
469 2385 538 2450 ἐστὶ
569 2397 629 2451 τοῦ
657 2393 720 2452 ΕΒ
753 2389 865 2463 εἴδους
894 2388 978 2472 πρὸς
1005 2387 1041 2451 τὸ
1067 2441 1069 2447 .

129 2495 473 2578 παραλληλόγραμμον
505 2494 634 2577 δοθείς,
666 2492 798 2558 δέδοται
831 2495 895 2577 ἄρα
927 2494 964 2557 τὸ
994 2495 1067 2557 ΑΗ

129 2599 219 2663 εἴδει.
264 2601 323 2663 καί
347 2598 437 2663 ἐστιν
465 2599 581 2682 ὅμοιον
604 2610 649 2687 τῷ
676 2604 749 2663 ΖΛ·
784 2597 917 2664 δέδοται
941 2600 1006 2683 ἄρα
1028 2621 1066 2662 να

131 2707 192 2768 ΖΔ
213 2713 259 2791 τῷ
283 2705 372 2768 εἴδει.

202 3040 226 3089 5.
246 3039 283 3108 τῷ
303 3034 382 3107 εἴδει]
403 3053 455 3091 om.
476 3036 503 3090 b.
559 3041 639 3091 AER
672 3042 724 3092 ΕΒ
742 3039 771 3092 b.
836 3043 859 3091 7.
879 3039 947 3109 τῶν]
966 3037 1017 3105 τήν
1035 3037 1060 3088 b.

130 3103 229 3169 δοθείς
247 3137 282 3146 -
301 3112 326 3160 9.
344 3106 633 3176 παραλληλόγραμμον
665 3126 719 3163 om.
738 3109 765 3163 b.
830 3114 872 3162 10.
895 3112 943 3162 ΖΔ
961 3109 988 3162 b.
1043 3105 1069 3174 όμ

129 3195 160 3232 νε
177 3176 265 3232 vat..
306 3178 355 3232 καὶ
374 3175 475 3247 ὁμοίως
493 3175 636 3251 κείμενον]
656 3197 708 3233 om.
728 3180 755 3234 b.
831 3184 873 3233 11.
894 3179 955 3233 ἐπεὶ
974 3176 1025 3234 οὖν
1043 3177 1069 3231 V:

132 3253 208 3303 -14.
228 3245 300 3320 ἐστί]
319 3267 372 3303 om.
392 3249 421 3303 b.
484 3251 720 3321 15.EB]BAb.
788 3256 829 3303 16.
849 3248 1014 3304 καί-ιν.
1033 3251 1069 3302 ον

43 3366 47 3371 .
129 3334 183 3375 om.
202 3319 229 3374 b.
321 3325 363 3373 17.
386 3319 454 3388 τῶν]
473 3327 521 3388 τῆς
539 3319 566 3373 b.
659 3326 700 3374 18.
720 3320 772 3390 τὴν
794 3324 873 3374 ΖΓΔ
891 3322 918 3376 b.
1005 3326 1069 3393 τῷε

129 3405 183 3446 om.
197 3390 225 3445 b.
299 3394 342 3444 19.
362 3390 426 3460 ΕΒ]
446 3392 521 3444 ΕΑΒ
540 3390 567 3444 b.
640 3393 703 3463 AB]
722 3389 894 3462 ΑΒχωρίον
913 3393 940 3447 b.
1013 3396 1053 3445 20.

128 3468 179 3533 γῆς
195 3460 223 3515 b.
295 3465 339 3515 22.
359 3457 468 3532 δοθελς]
489 3463 609 3517 δοθεῖσα
627 3463 654 3516 b.
