2356 3818
516 163 679 218 scflom.
1031 166 1096 232 315

469 359 521 424 Ad
544 383 633 446 prop.
655 360 722 427 XO.

155 481 228 547 191.
260 485 330 547 Καί
345 481 434 548 ἐστιν
452 484 540 567 ὀρθή
562 510 593 570 p.
614 487 687 572 176,
706 486 762 571 18]
787 488 897 552 διὰτὸ
917 487 963 572 ιη’
982 499 1041 554 τοῦ
1060 489 1095 572 γ’

85 589 220 670 βιβλίου
243 598 310 654 τῶν
333 594 511 673 στοιχείων.

154 713 226 778 192.
264 715 312 779 Τὸ
335 715 400 797 ἄρα
418 713 471 779 εἰνὶ
489 724 547 798 τῆς
564 718 635 779 ΛΓ
654 740 685 800 p.
702 717 775 801 176,
795 716 850 802 19]
875 718 931 782 διὰ
953 720 990 783 τὸ
1015 718 1093 783 ἀνοί-

83 827 185 888 ιταλιν
212 829 272 885 τοῦ
295 820 341 891 ις’
364 822 579 906 θεωρήματος
605 831 664 886 τοῦ
687 820 721 905 γ’
743 826 876 907 βιβλίου
898 826 1092 892 Εὐκλείδου.
1129 836 1145 886 5

446 1052 498 1117 Ad
520 1075 610 1138 prop.
634 1051 733 1118 XOII.

153 1178 224 1243 193.
256 1175 373 1242 Δοθὲν
395 1179 459 1263 ἄρα
482 1175 550 1242 ἐστὶ
568 1179 605 1242 τὸ
623 1177 688 1243 ὑπὸ
707 1188 774 1243 τῶν
794 1183 864 1261 ΖΑ,
881 1184 950 1245 ΑΕ
970 1203 1000 1263 p.
1018 1181 1091 1265 180,

82 1284 239 1368 10-11]
270 1293 373 1349 ταῦτα
406 1282 568 1348 δέδεικται
600 1283 635 1348 ἐν
667 1293 712 1372 τῷ
745 1289 865 1373 σχολίω
898 1295 943 1373 τῷ
977 1285 1012 1351 ἐν
1044 1296 1089 1375 τῷ

80 1392 266 1474 ἑποίνωθεν,
290 1391 373 1455 ὅπου
396 1401 532 1474 σημεῖον
554 1391 629 1455 τόδε
658 1388 735 1477 >'<·¹)

63 1592 66 1599 Ι
150 1516 222 1582 194.
255 1517 325 1578 Καί
346 1513 435 1578 ἐστιν
459 1519 532 1578 ίσον
558 1537 589 1598 p.
611 1514 763 1599 181111]
792 1514 836 1591 ὡς
864 1513 1025 1582 δέδεικται
1052 1517 1088 1582 ἐν
1108 1527 1141 1575 10

78 1632 126 1711 τῷ
149 1619 183 1704 μ’
203 1623 321 1708 βιβλίῳ
345 1621 529 1685 Εὐκλείδου
553 1619 589 1684 ἐν
611 1630 656 1709 τῷ
680 1618 728 1684 λε’
751 1623 948 1707 θεωρήματι.

432 1831 484 1898 Ad
506 1855 596 1918 prop.
619 1831 736 1898 XCIII.

149 1958 222 2024 195.
260 1961 324 2041 Τῆς
350 1958 436 2021 κοίτω
460 1980 490 2041 p.
511 1958 587 2039 180,
607 1955 664 2040 20]
690 1954 837 2021 τουτέστι
858 1966 916 2041 τῆς
937 1958 1001 2023 ὑπὸ
1025 1961 1086 2042 τὴν

78 2065 240 2150 ἀχθεῖσαν
262 2061 317 2128 καὶ
337 2062 636 2147 ἀπολαμβάνουσαν
658 2063 695 2127 τὸ
718 2072 825 2147 τμῆμα
848 2064 885 2128 τὸ
909 2065 1085 2149 δεχόμενον

76 2173 139 2257 τὴν
162 2167 342 2254 δεδομένην
364 2172 498 2252 γωνίαν.
1105 2183 1136 2232 1ο

147 2295 218 2360 196.
250 2294 319 2357 Λιολ
340 2294 380 2358 τὰ
399 2293 482 2357 αὐτὰ
501 2293 543 2375 δή
565 2317 595 2377 p.
611 2293 686 2375 182,
705 2293 760 2378 11]
784 2293 804 2376 ἡ
823 2295 886 2381 γὰρ
905 2295 970 2361 ὑπὸ
989 2301 1085 2362 ΒΑΛ

75 2403 208 2486 ἡμίσεια
230 2397 314 2466 οὖσα
336 2409 394 2484 τῆς
414 2401 480 2464 ὑπὸ
504 2403 605 2465 ΒΑΓ
622 2401 778 2484 δοθείσης
801 2402 940 2467 δοθεῖσα
963 2402 1060 2468 ε’στιν.

146 2525 218 2590 197.
244 2522 360 2590 Ἔστιν
386 2526 451 2610 ἄρα
479 2524 523 2600 ὡς
550 2524 570 2607 ἡ
593 2529 655 2589 ΒΑ
677 2548 708 2609 p.
730 2527 805 2609 182,
827 2525 881 2609 14]
910 2527 1025 2590 διὰτὸ
1048 2525 1082 2610 μ’

74 2632 234 2718 θεώρημα
256 2640 316 2696 τοῦ
339 2629 371 2700 ς’
393 2632 525 2715 βιβλίου
548 2641 615 2694 τῶν
638 2634 816 2714 στοιχείων.

146 2861 172 2928 1)
190 2859 268 2913 Idem
286 2858 397 2928 signum
414 2855 558 2911 inuenitur
576 2856 613 2909 ad
632 2856 717 2912 schol.
738 2874 801 2926 app.
820 2875 861 2912 nr.
881 2862 923 2912 41.

145 3076 204 3124 191.
223 3069 252 3124 P.
336 3069 509 3125 192.PVa.t.
594 3076 653 3124 193.
672 3070 702 3126 P.
789 3075 848 3143 ωε.
868 3071 932 3125 Ρ1ι.
1020 3078 1079 3129 ωε.

71 3140 252 3195 Ρ17ω1.νσλ.
308 3145 367 3195 196.
382 3140 447 3195 ΡΙλ.
502 3147 560 3195 197.
575 3141 662 3194 ΡΙιλ.
967 3173 969 3178 ·

72 3271 284 3280 *-

143 3357 169 3406 5.
187 3351 295 3424 βιβλίον
310 3351 475 3476 Εωλκλείδοιχ]
494 3362 549 3408 τῶν
564 3352 704 3424 στοιχείων
722 3356 787 3412 vat.
844 3361 884 3409 11.
903 3357 952 3428 τῷ]
971 3372 1024 3411 om.
1039 3356 1077 3411 Ιλ.

107 3429 149 3478 13.
173 3423 248 3478 Anto
269 3442 392 3478 τουτεστι
415 3425 452 3478 ad
474 3467 479 3479 .
500 3424 616 3495 σχόλιον.
637 3428 746 3496 (pomp.)
760 3427 778 3480 l.
870 3431 910 3479 14.
935 3424 1001 3498 καί]
1023 3444 1077 3483 om.

69 3494 164 3550 Vam.
238 3501 279 3549 19.
298 3497 366 3568 τῶν]
384 3513 437 3550 om.
456 3495 509 3551 Pv.
582 3496 740 3570 στοιχείωνλ
756 3496 907 3553 Εὐκλείδου
926 3515 954 3552 ν.
