2356 3818
523 111 628 163 DATA.
1039 107 1080 170 13

69 258 136 319 AB
170 253 210 318 ad
239 257 410 339 utramque
439 252 698 357 magnitudinem
724 256 803 338 Ar,
827 256 888 318 ΓΒ
919 252 1080 318 rationem

68 360 191 425 habere
214 360 332 424 datam.

138 479 279 559 ponatur
305 475 392 539 enim
420 475 496 539 data
522 473 711 561 magnitudo
739 479 814 538 ΔΕ.
865 479 897 539 et
928 473 1082 558 quoniam

52 580 157 645 <ratio
182 583 268 645 Ar:
284 583 344 645 ΓΒ
373 580 450 645 data
477 585 541 665 est,
573 560 685 645 eadem
713 583 810 664 atque
837 579 894 644 illa
916 581 974 645 fiat
997 580 1081 645 ratio

352 722 354 727 -
631 691 701 754 An
714 710 721 750 :
735 691 807 752 uz.
860 674 971 770 itaque
997 686 1081 751 rano

632 797 701 859 ΔΕ
709 815 716 856 2
726 797 790 856 ΕΖ
804 793 881 859 data
890 797 940 856 est
955 791 1029 877 [def.
1039 791 1083 876 2}

559 917 579 966 z
632 921 745 963 uerum
786 899 976 984 magnitudo
1014 902 1086 962 ΔΒ

633 1004 709 1069 data
741 1010 798 1070 est.
854 1027 952 1089 quare
985 1003 1085 1069 etiarn

73 1110 266 1196 magnitudo
285 1117 349 1177 ΕΖ
372 1101 448 1177 data
471 1116 521 1177 est
545 1111 649 1197 [prop.
663 1110 720 1196 11].
758 1110 869 1197 itaque
892 1116 1000 1179 totum
1018 1115 1084 1175 ΔΖ

70 1218 188 1281 datum
211 1222 261 1282 est
285 1218 391 1304 [prop.
409 1217 484 1303 ΙΠ].
530 1220 580 1282 eet
602 1222 711 1283 autem
734 1223 871 1302 utraque
894 1217 1084 1304 magnitudo

70 1328 157 1409 ΔΕ,
182 1328 214 1388 E
220 1329 247 1387 Z
283 1324 368 1390 data.
428 1347 527 1408 quare
563 1325 649 1389 ratio
682 1324 915 1410 magnitudinis
942 1329 1008 1389 ΔΖ
1045 1323 1086 1389 ad

72 1435 248 1513 utramque
275 1431 533 1516 magnitudinem
555 1434 636 1516 ΑΒ,
653 1435 717 1494 ΕΖ
745 1431 821 1495 data
848 1434 898 1496 est
922 1430 1025 1515 [prop.
1046 1429 1086 1515 l].

72 1542 109 1601 et
129 1535 282 1619 quoniam
299 1542 331 1601 A
337 1540 369 1601 Γ
378 1561 386 1601 :
401 1540 462 1602 ΓΒ
473 1568 515 1589 =
525 1541 595 1600 ΔΕ
607 1561 614 1600 :
628 1541 702 1620 ΕΖ,
724 1537 944 1621 oomponendo
960 1535 1085 1621 [uia]

71 1642 140 1707 erit
172 1644 591 1706 AB:BF==AZ:ZE.
647 1644 680 1704 et
712 1643 929 1706 oonuertondo
962 1641 1020 1726 [V,
1045 1643 1086 1705 19

71 1748 203 1832 oorotl]
224 1753 256 1812 Α
261 1751 289 1811 Β
304 1771 311 1811 :
326 1750 397 1812 ΑΓ
407 1778 449 1800 ==
463 1751 497 1810 Δ
502 1751 529 1811 Ζ
544 1770 551 1810 :
565 1749 640 1809 ΑΒ.
678 1749 711 1810 et
729 1746 882 1829 quoniam
896 1746 1086 1832 magnitudo

72 1860 110 1919 Δ
116 1859 144 1921 Ζ
172 1854 213 1919 ad
235 1858 407 1937 utramque
430 1852 689 1938 magnitudinem
710 1857 787 1936 ΔΕ,
806 1858 869 1918 ΕΖ
897 1875 968 1917 eam
990 1853 1088 1918 ratio-

72 1983 153 2024 nem
183 1961 297 2045 habet,
329 1982 427 2043 quam
459 1963 525 2024 AB
558 1959 598 2023 ad
630 1963 800 2044 utramque
832 1958 1088 2046 magnitudinem

74 2072 111 2131 Α
117 2069 154 2151 Γ,
174 2070 249 2152 ΓΒ,
276 2067 375 2131 etiam
397 2065 483 2130 ratio
505 2065 739 2151 magnitudinis
763 2070 830 2131 ΑΒ
855 2067 894 2131 ad
916 2071 1088 2152 utramque

73 2171 337 2257 magnitudinem
360 2174 434 2256 ΑΓ,
453 2173 514 2237 ΓΒ
538 2172 613 2236 data
636 2177 694 2236 est.

81 986 139 1022 1-—
264 994 267 999 ⁹
384 985 566 1021 --ι--ι

549 2435 622 2501 VH.

149 2576 184 2643 Si
212 2577 289 2643 data
316 2577 507 2662 magnitudo
533 2577 569 2641 in
596 2578 706 2643 datam
733 2577 892 2648 rationem
919 2578 1091 2664 dirimitur,

76 2689 218 2768 utraque
240 2705 317 2768 pars
339 2684 416 2754 data
439 2688 496 2751 eat.

149 2798 226 2863 data
262 2799 348 2871 enim
385 2799 574 2886 magnitudo
611 2803 679 2864 AB
715 2799 750 2865 in
786 2800 894 2869 datam
930 2799 1091 2865 rationem

79 2908 175 2971 AF:
196 2908 258 2971 ΓΒ
290 2905 468 2973 dirimatur.
518 2905 604 2990 dieo,
636 2909 807 2988 utramque
835 2905 1090 2991 magnitudinem

79 3014 165 3095 ΑΓ,
192 3014 256 3076 ΓΒ
284 3012 394 3077 datam
421 3034 499 3077 esse.

80 3165 104 3213 A
326 3163 353 3212 P
434 3164 455 3212 B
553 3141 630 3182 nam
653 3115 808 3200 quoniam
825 3117 910 3182 ratio
929 3122 1014 3183 AF:
1031 3122 1090 3184 ΓΒ

90 3230 451 3269 ’β’-Β-ἢ
504 3224 588 3289 data
618 3228 682 3309 est,
718 3223 818 3288 etiam
849 3225 933 3293 ratio
970 3225 1093 3310 magni-

79 3330 209 3399 tudinis
243 3335 275 3394 A
282 3333 311 3395 Β
352 3330 393 3395 ad
429 3335 599 3416 utramque
635 3329 891 3416 magnitudinem
926 3332 1011 3409 Ar,
1035 3331 1099 3389 ΓΒ

81 3437 162 3501 data
185 3440 236 3501 est
259 3435 362 3520 [prop.
381 3435 454 3521 VI}
498 3458 611 3502 uerum
635 3436 836 3523 magnitudo
865 3437 934 3500 An
957 3432 1045 3492 data
1066 3428 1138 3482 aaa.
