2356 3818
124 129 189 193 256
289 133 417 184 MARINI
435 133 656 184 PHILOSOPHI
674 134 960 187 COMMENTARIUS

122 277 225 338 ποιάν
248 273 429 358 έπιστήμην
457 274 611 357 ἀνάγεται
639 274 694 340 καὶ
722 275 773 341 ὅτι
796 277 1030 362 χρησιμωτάτη
1054 277 1144 345 ἐστὶν

125 379 145 462 ή
168 378 243 465 περὶ
267 380 371 444 αὐτοῦ
394 385 530 465 θεωρία.
567 384 780 466 προσκείσθω
804 379 842 447 δὲ
864 394 936 460 τοῖς
958 383 1145 471 εἰρημένοις

125 483 179 549 καί
203 485 223 567 ἡ
247 488 435 571 περιγραφὴ
458 496 517 570 τῆς
538 485 614 572 περὶ
638 487 743 552 αὐτοῦ
766 486 954 574 ἐπιστήμης.
993 492 1085 556 ἔσται
1103 492 1143 574 δή

126 592 223 676 αὕτη,
252 592 297 668 ὡς
320 591 355 656 έκ
378 603 445 656 τῶν
468 591 650 677 εἰρημένων
679 595 842 678 φανερόν,
869 594 1055 679 κατάληψις
1077 608 1143 663 τῶν

87 697 315 782 εδεδομένων
346 699 429 763 κατὰ
461 699 569 763 πάντα
600 701 725 784 τρόπον
761 697 816 764 καὶ
850 710 920 764 τῶν
950 701 1029 788 περὶ
1060 704 1141 768 αὐτὰ

126 807 387 889 συμβαινόντων.
435 805 528 880 ἰδίως
551 801 588 868 δέ
611 803 666 869 καὶ
690 805 736 881 ὡς
757 806 842 890 πρὸς
863 808 901 871 τὸ
925 811 1140 893 προκείμενον

125 915 257 995 βιβλίον
280 909 426 993 λεγέσθω
451 906 536 976 εἰναι
554 911 699 995 μέθοδος
717 914 926 994 στοιχείωσιν
942 913 1137 1000 περιέχουσα

125 1026 184 1100 τῆς
207 1018 285 1100 ὅλης
312 1015 386 1102 περὶ
415 1029 482 1082 τῶν
506 1015 693 1102 δεδομένων
717 1017 907 1102 ἐπιστήμης·
940 1017 1005 1097 ἕξει
1028 1016 1065 1084 δὲ
1087 1017 1136 1084 καί

126 1124 209 1207 αὐτή
237 1124 274 1188 τὸ
305 1126 467 1208 χρήσιμον
495 1122 690 1199 ἀκολούθως
718 1121 774 1188 καὶ
801 1124 842 1188 τοὶ
864 1125 950 1189 ἄλλα
976 1127 1060 1190 κατὰ
1080 1127 1134 1209 τήν

72 1245 108 1296 10
127 1229 302 1314 ἀναφορὰν
333 1231 394 1313 τήν
426 1230 510 1315 πρὸς
541 1231 578 1294 τὸ
608 1229 796 1313 δεδομένον.
851 1228 1007 1316 διῄρηται
1036 1228 1072 1295 δέ
1100 1232 1131 1295 τὸ

126 1338 259 1418 βιβλίον
282 1336 365 1420 πρὸς
387 1337 427 1399 τδι
450 1345 509 1400 τοῦ
534 1334 714 1419 δεδομένου
734 1336 821 1418 εἰδη,
844 1333 900 1400 καὶ
918 1337 956 1400 τὸ
975 1334 1035 1421 μὲν
1052 1347 1130 1421 πρῶ-

126 1464 185 1505 τον
217 1441 321 1506 αὐτοῦ
349 1451 457 1525 τμήμα
484 1440 626 1526 περιέχει
658 1441 698 1504 τὰ
725 1441 808 1506 κατδι
840 1444 942 1524 λόγον
971 1441 1127 1527 δεδομένα,

126 1549 163 1612 τὸ
198 1544 234 1611 δέ
262 1549 418 1632 δεύτερον
450 1549 491 1611 τοὶ
517 1559 557 1633 τῇ
584 1546 691 1612 θέσει·
725 1545 778 1612 ἐπὶ
805 1544 843 1612 δὲ
870 1549 1002 1626 τούτοις
1029 1549 1067 1612 τδι
1091 1556 1126 1634 τβ

127 1656 220 1719 εἰδει·
244 1654 373 1719 ἁπλοῦν
392 1655 454 1739 γὰρ
474 1648 516 1735 ἧν
539 1654 575 1718 τὸ
594 1651 670 1738 περὶ
692 1665 761 1718 τῶν
783 1651 916 1738 μεγέθει
940 1652 1123 1738 δεδομένων,

76 1774 109 1826 15
128 1760 347 1845 κατέσπαρται
371 1756 408 1823 δέ
431 1757 486 1822 καί
509 1769 612 1823 ταῦτα
635 1770 776 1844 μερικῶς
799 1757 836 1823 έν
858 1770 928 1836 τοίς
952 1760 1062 1835 ἄλλοις
1081 1754 1124 1822 καί

127 1867 268 1950 μοίλιστα
291 1865 327 1930 ἐν
350 1877 419 1940 τοῖς
442 1866 523 1929 κατὰ
546 1867 583 1929 τὸ
608 1861 697 1942 εἶδος
720 1863 919 1948 δεδομένοις.
961 1864 1077 1950 ήρξατο
1096 1858 1124 1926 δὲ

128 1972 191 2037 ἀπὸ
210 1985 277 2038 τῶν
296 1976 383 2060 λόγῳ
402 1970 457 2036 καὶ
471 1969 564 2036 θέσει
585 1971 784 2055 δεδομένων,
807 1968 876 2035 ἐπεὶ
894 1968 951 2035 καὶ
965 1969 1000 2036 ἐκ
1012 1971 1125 2035 τούτων

126 2083 320 2143 συνίσταται
352 2080 392 2141 τὰ
424 2087 469 2165 τῷ
502 2079 581 2141 εἰδει
614 2075 784 2161 δεδομένα.
828 2075 893 2141 ’καί
920 2078 1028 2152 ἄλλως
1054 2071 1124 2154 δὲή

128 2185 288 2268 διαίρεσις
310 2184 399 2271 αὐτῷ
422 2192 482 2247 τοῦ
505 2185 638 2266 βιβλίον
662 2181 844 2266 γεγένηται,
867 2188 915 2258 εἰς
938 2206 973 2247 τε
995 2184 1036 2248 τὰ
1057 2176 1123 2246 καθ’

71 2304 109 2367 420Ἰ
128 2290 208 2355 ὅλον
231 2288 354 2373 μεγέθη
378 2288 432 2354 καὶ
454 2291 501 2365 εἰς
523 2290 676 2374 γραμμὰς
697 2287 753 2352 καί
772 2288 909 2353 ἐπίπεδα
930 2287 987 2354 καί
1003 2286 1127 2354 κνκλικίι

127 2398 334 2480 θεωρήματα.
380 2405 419 2480 τη
444 2392 480 2460 δέ
504 2395 601 2482 ὁμοίᾳ
624 2393 711 2472 τάξει
735 2393 895 2480 ἐχρήσατο
917 2392 975 2459 καὶ
998 2393 1051 2460 έπί
1072 2404 1126 2459 τῶν

128 2502 218 2588 ὅρων
249 2503 321 2585 ήτοι
353 2500 548 2566 ὑποθέσεων
579 2510 639 2565 τοῦ
668 2504 811 2584 βιβλίον.
870 2502 982 2588 τρόπω
1016 2497 1053 2565 δὲ
1082 2508 1128 2581 της

127 2609 343 2684 διδασκαλίας
375 2608 415 2672 οὐ
442 2617 487 2694 τῷ
518 2608 600 2671 κατὰ
628 2607 790 2672 σύνθεσιν
823 2605 973 2672 ἐνταῦθα
1003 2604 1128 2689 ήκολοίι

127 2721 243 2798 θησεν,
266 2715 350 2779 ἀλλὰ
372 2723 417 2802 τῷ
441 2713 524 2777 κατὰ
547 2712 720 2796 ἀνάλυσιν,
746 2712 791 2789 ὡς
813 2711 831 2776 ὁ
855 2712 999 2788 Πάππος
1023 2714 1129 2784 ἰκανῶς

71 2833 108 2884 25
128 2817 296 2897 ἀπέδειξεν
320 2820 356 2884 έν
378 2830 448 2895 τοϊς
471 2821 518 2894 εἰς
540 2820 577 2883 τὸ
601 2822 733 2902 βιβλίον
755 2817 1002 2901 ὑπομνήμασιν.

199 3015 240 3065 14.
259 3009 302 3081 τό]
321 3010 352 3062 in
369 3027 423 3064 ras.
443 3028 473 3078 ,νς
492 3030 542 3064 τωι
559 3010 589 3064 P.
656 3015 696 3063 15.
717 3018 834 3078 μερικῶς
865 3028 988 3078 μερικων
1008 3011 1037 3065 P.
1094 3012 1126 3061 19.

127 3078 284 3151 γεγένηται]
304 3079 418 3151 γέγονεν
437 3081 502 3135 Vat.
575 3085 617 3134 20.
638 3078 756 3151 μεγέθη]
776 3083 891 3150 μεγέθει
909 3081 1014 3150 Vat.v;
1032 3081 1061 3134 in
1073 3079 1126 3133 vat.

127 3169 195 3207 corr.
214 3170 250 3206 m.
271 3157 294 3205 2.
367 3149 416 3206 καί
431 3151 513 3222 (alt.)]
533 3168 586 3206 om.
606 3170 631 3205 v,
