2356 3818
451 190 453 193 .
529 124 634 178 uari.
891 175 894 182 ,
1044 124 1087 188 37

537 301 625 367 XIX.

32 402 85 535 *i*
146 440 182 507 si
213 447 279 516 tres
312 444 551 529 magnitudines
583 444 770 529 propositae
804 449 878 509 sunt
911 450 943 510 et
975 447 1090 532 prima,

32 538 64 689 :f
79 554 272 634 comparata
304 571 376 614 oum
410 551 562 635 secunda,
599 551 675 616 data
710 551 813 616 maior
845 556 895 616 est
927 575 1023 636 quam
1054 553 1121 639 in·

47 654 205 749 piatione
229 660 261 720 et
285 656 384 720 etiam
408 657 556 742 secunda,
579 661 766 742 comparata
788 679 862 722 oum
884 659 991 744 tertia,
1013 660 1100 735 data⁴

73 762 184 829 maior
207 767 257 827 est
280 784 378 846 quam
404 763 439 826 in
465 763 605 848 ratione,
633 763 731 828 etiam
757 763 876 849 prima,
903 746 1090 848 comparata

34 872 156 937 doum
178 868 284 954 tertia,
308 870 383 933 data
405 870 510 934 maior
532 871 594 935 erit
617 893 714 954 quam
736 872 772 935 in
794 863 929 957 ratione.

42 936 57 1081 i,
145 994 212 1059 sint
235 998 301 1058 tres
325 994 565 1080 magnitudines
588 999 664 1079 ΑΒ,
684 998 754 1080 ΓΛ,
772 1000 816 1080 Ε,
843 1000 875 1060 et
898 998 978 1080 ΑΒ,
1006 1014 1090 1058 oom-

38 1084 49 1205 ξ
72 1104 193 1189 parata
216 1123 290 1165 oum
314 1103 388 1186 ΓΔ,
416 1101 491 1165 data
518 1100 623 1166 maior
646 1102 690 1167 sit
713 1124 811 1186 quam
833 1102 868 1165 in
890 1101 1028 1184 ratione,
1056 1103 1089 1164 et

36 1208 56 1279 ἱ
71 1209 150 1291 ΓΔ,
168 1210 355 1290 comparata
375 1228 447 1270 oum
462 1211 500 1292 E,
519 1208 595 1272 data
613 1208 716 1272 maior
735 1208 778 1272 sit
795 1229 891 1291 quam
905 1206 1088 1271 iuratione.

32 1306 59 1369 ²²·-
72 1313 167 1394 dioo,
195 1311 294 1376 etiam
319 1312 577 1398 magnitudinem
600 1317 679 1398 ΑΒ,
708 1318 927 1398 comparatam
955 1336 1028 1378 oum
1051 1317 1091 1396 E,

32 1434 40 1443 ’·
71 1419 158 1484 data
179 1417 336 1483 maiorem
360 1440 429 1482 esse
454 1439 550 1501 quam
573 1418 764 1485 iuratione.

146 1565 223 1607 nam
251 1543 403 1627 quoniam
429 1543 619 1628 magnitudo
644 1546 717 1624 ΓΔ,
745 1548 932 1628 comparata
955 1565 1029 1608 eum
1051 1546 1091 1627 Ε,

74 1649 158 1713 data
176 1650 280 1714 maior
298 1654 348 1714 est
368 1671 464 1733 quam
483 1649 671 1735 iuratione,
694 1650 858 1714 auferatur
877 1650 952 1714 data
968 1648 1091 1734 magni-

293 1810 323 1859 H
372 1809 396 1861 Θ
609 1811 631 1858 B
677 1757 755 1821 tudo
772 1760 842 1821 ΓΖ.
876 1755 986 1839 iaque
1005 1754 1089 1818 ratio

67 1865 625 1916 111—-1-t—-1
675 1862 818 1946 reliquae
835 1867 896 1927 ΖΔ
912 1863 952 1926 ad
966 1866 998 1926 E
1014 1861 1090 1925 data

680 1973 729 2032 est
763 1965 837 2056 [def.
863 1966 927 2056 11].
976 1990 1089 2032 rursus

680 2076 833 2161 quoniam
897 2074 1088 2162 magnitudo

676 2186 742 2247 AB
748 2234 757 2267 ‚
793 2187 980 2267 comparata
1015 2203 1088 2246 oum

70 2292 157 2373 ΓΔ,
180 2290 256 2353 data
278 2290 383 2354 maior
406 2295 456 2354 est
479 2311 576 2373 quam
598 2289 633 2353 in
655 2288 796 2374 ratione,
825 2289 991 2353 auferatur
1013 2288 1089 2351 data

70 2394 270 2481 magnitudo
284 2402 317 2461 A
322 2400 365 2460 H.
401 2396 512 2480 itaque
531 2396 615 2461 ratio
634 2396 776 2478 reliquae
791 2399 830 2459 H
831 2399 858 2459 B
879 2396 919 2459 ad
934 2397 995 2458 ΓΔ
1013 2394 1090 2457 data

70 2505 126 2567 est
156 2498 228 2588 [def.
255 2499 317 2589 11].
373 2501 484 2566 eadem
512 2506 608 2585 atque
631 2501 689 2565 illa
715 2501 773 2565 fiat
799 2501 883 2564 ratio
911 2503 982 2563 ΗΘ
996 2523 1003 2562 :
1019 2501 1088 2563 ΓΖ.

73 2630 178 2694 quare
211 2607 310 2671 etiam
342 2607 426 2671 ratio
454 2611 494 2671 Η
500 2611 527 2671 Θ
543 2631 550 2671 :
566 2609 627 2671 ΓΖ
660 2607 735 2671 data
767 2610 816 2678 est
845 2605 920 2690 [def.
944 2604 988 2688 2}
1035 2607 1090 2669 sed

72 2716 155 2779 aaa
185 2718 234 2777 est
258 2716 328 2777 ΓΖ.
375 2714 451 2778 data
479 2717 528 2778 est
556 2712 657 2798 igitur
685 2712 784 2777 etiam
807 2716 878 2775 He
907 2708 1009 2798 [prop.
1032 2708 1090 2798 11].

70 2843 191 2885 uerum
218 2820 317 2884 etiam
345 2820 418 2883 HA
450 2820 526 2884 data
554 2824 611 2884 est.
665 2819 775 2901 itaque
803 2818 901 2882 etiam
927 2821 998 2881 tota
1027 2821 1089 2881 ΘΑ

71 2928 155 2991 data
174 2931 223 2990 est
243 2923 345 3014 [prop.
360 2922 433 3013 flu.
471 2930 504 2990 et
527 2924 680 3008 quoniam
699 2927 1089 3009 Haer=Ho2rz‚

73 3033 178 3098 etiam
204 3032 289 3097 ratio
317 3030 459 3117 reliquae
490 3017 551 3096 ΘΒ
584 3032 624 3096 ad
650 3031 809 3116 reliquam
837 3035 904 3096 ΖΔ
936 3031 1011 3096 data
1038 3035 1088 3094 est

75 3137 130 3228 [V,
152 3139 208 3223 193
231 3139 291 3202 def.
312 3135 356 3225 2}
393 3160 507 3203 uerum
529 3137 613 3202 ratio
638 3142 699 3203 ΖΔ
713 3161 720 3201 :
734 3142 767 3203 Ε
787 3139 863 3202 data
884 3143 941 3203 est.
977 3138 1088 3221 itaque

71 3246 175 3310 etiam
203 3245 288 3309 ratio
319 3248 380 3309 ΘΒ
396 3248 449 3309 :E
480 3245 557 3308 data
577 3248 633 3308 ¹est
666 3247 769 3329 [prop.
788 3243 893 3328 VIII}
949 3248 981 3307 et
1014 3243 1089 3306 data

72 3358 125 3418 est
149 3351 342 3438 magnitudo
369 3354 437 3415 ΘΑ.
483 3372 561 3436 ergo
588 3350 777 3437 magnitudo
799 3353 876 3434 BA,
902 3353 1100 3431 comparata

72 3481 149 3524 oum
169 3462 213 3542 Ε,
237 3457 313 3521 data
333 3456 439 3521 maior
461 3460 511 3522 est
535 3479 636 3545 quam
658 3457 698 3525 iu
717 3456 855 3525 ratione
872 3445 1058 3542 tiam-X·
