2356 3818
125 154 191 218 262
552 156 715 211 scnom.

192 301 223 362 4.
255 296 428 382 Δεδομένα
456 297 525 363 ἐστὶ
553 300 593 363 τδι
617 298 797 384 ὡρισμένα,
829 297 1002 364 τουτέστιν
1030 293 1077 364 ὡν
1099 300 1136 363 τδι

124 401 248 490 πέρατα
269 403 400 468 δέδοται
419 409 483 468 είτε
503 406 635 491 διανοίᾳ
654 411 718 469 είτε
737 405 905 488 αἰσθήσει·
929 405 1060 480 τούτοις
1077 405 1136 489 γὰρ

125 510 300 593 δυνάμεθα
337 517 392 574 ίσα
423 513 627 596 πορίσασθαι
659 510 780 594 ὁμοίως
812 517 877 576 εἴτε
910 511 1044 598 διανοίᾳ
1077 517 1137 574 εἴτε

126 618 289 699 αίσθύσει.
345 617 485 681 δύναται
517 613 554 680 δὲ
585 615 641 681 καὶ
673 617 775 703 ῥητὸν
805 615 861 681 καὶ
894 618 1019 700 ἄλογον
1046 617 1135 680 δεδο-

91 721 228 806 ῦμένον
256 718 354 807 εἶναι,
382 723 428 799 ὡς
456 720 542 804 λέγει
566 722 708 800 Πέττιος
731 724 768 788 έν
790 722 874 809 ἀρχῇ
897 731 959 788 τοῦ
983 725 1030 799 είς
1053 724 1089 788 τὸ
1112 720 1136 786 ι’

125 829 325 893 Εὐκλείδου·
363 830 399 894 τὸ
427 825 488 913 μὲν
516 829 579 915 γὰρ
612 830 715 915 ῥητὸν
745 828 800 894 καὶ
833 827 1016 913 δεδομένον
1043 827 1139 910 ἐστίν,

126 934 166 998 οὐ
189 934 322 1011 πάντως
345 932 381 999 δέ
404 933 458 999 καὶ
482 936 518 1000 τὸ
544 933 724 1020 δεδομένον
747 936 849 1021 ῥητόν
872 935 972 1000 ἐστιν.

540 1127 592 1193 Ad
616 1129 676 1194 def.
701 1130 731 1194 5.

193 1255 224 1317 5.
248 1250 319 1316 Ἵνα
341 1246 363 1338 ᾗ
387 1251 570 1338 ὡρισμένος
592 1263 640 1341 τῷ
664 1251 807 1337 μεγέθει.

74 1457 108 1505 10
543 1446 595 1511 Ad
618 1446 678 1512 def.
704 1449 733 1512 6.

194 1570 223 1634 6.
248 1568 319 1634 Ἵνα
341 1569 464 1658 καὶτῷ
488 1573 576 1658 τόπῳ
600 1569 723 1656 καὶτῷ
747 1568 879 1654 μεγέθει
904 1569 1090 1656 ὡρισμένος
1111 1565 1139 1656 ᾗ.

540 1764 592 1829 Ad
615 1764 675 1829 def.
700 1766 729 1830 8.

196 1892 224 1971 7.
262 1894 371 1954 Ταῦτα
394 1890 439 1967 ὡς
461 1888 514 1954 ἐπὶ
538 1887 611 1966 ἑνὸς
634 1886 792 1953 ἐπιπέδου
816 1886 1009 1954 ἀκουστέον.

542 2083 594 2147 Ad
617 2083 678 2147 def.
703 2083 733 2146 9.

76 2216 108 2264 15
195 2207 225 2271 8.
264 2211 316 2294 Τῷ
344 2209 407 2294 γὰρ
436 2205 653 2293 ἀφαιρεθέντι
685 2207 722 2271 τὸ
756 2206 818 2289 τὴν
850 2204 1033 2292 ἀφαίρεσιν
1064 2207 1142 2272 ὑπο-

128 2324 247 2395 μεῖναν
269 2315 379 2396 μεϊζόν
402 2313 502 2378 ἐστιν.

532 2471 585 2535 Ad
607 2471 667 2536 def.
694 2472 743 2536 10.

196 2597 225 2660 9.
263 2597 310 2660 Τὸ
334 2592 395 2679 μέν
417 2597 480 2682 πρὸ
504 2595 607 2660 αὐτοῦ
632 2595 694 2660 ἀπὸ
718 2603 778 2659 τοῦ
800 2596 966 2678 μείζονος,
996 2593 1143 2658 ἐνταῦθα

128 2698 167 2765 δὲ
190 2701 254 2766 ιἰπὸ
277 2710 337 2767 τοῦ
362 2701 543 2777 ε’λύττονος.

163 2859 345 2866 ...—.——--—.

201 2967 231 3029 4,
250 2967 274 3017 5.
298 2961 637 3030 ΡΝεέαΟῑΜοιιπρίο.
712 2968 735 3016 6.
760 2959 1048 3030 PlVat.vO¹M0n.p.
1121 2965 1140 3012 7.

130 3031 255 3099 Momm.
328 3037 352 3086 8.
372 3032 691 3102 Plvat.vc1M0n.092.
766 3038 790 3086 9.
808 3030 1100 3101 ΡΝαδαΜοιιρσί.

132 3179 182 3186 .—

202 3286 226 3334 2.
249 3281 318 3335 Post
339 3277 447 3346 πέρατα
466 3280 530 3334 add.
550 3277 688 3349 ὡρισμένα
711 3298 736 3334 τ.
827 3279 950 3350 τούτοις]
974 3277 1097 3334 τουτέστι
1117 3295 1136 3341 ο.

165 3351 321 3414 τούτοις-
337 3356 361 3403 4.
381 3349 523 3422 αἰσθήσει]
543 3368 596 3405 om.
611 3369 636 3405 v.
710 3355 734 3404 3.
754 3348 808 3404 εἴτε
823 3380 857 3390 -
873 3347 941 3421 εἴτε]
962 3349 1027 3418 ἤτοι
1043 3382 1071 3390 -
1086 3347 1103 3414 ἥ
1117 3348 1135 3397 2-

167 3427 191 3477 ὅ.
211 3422 246 3492 ι’]
266 3438 318 3475 om.
338 3421 412 3474 Mon.
487 3426 510 3474 7.
529 3419 593 3492 καί]
614 3438 666 3475 om.
686 3440 734 3490 τρ.
808 3420 1031 3492 15.τῷ]τόΙλ.
1101 3421 1134 3470 16.

122 3492 201 3549 Ante
217 3494 315 3564 μεῖζον
335 3491 400 3548 add.
420 3493 507 3549 αὐτοῦ
527 3495 625 3548 λοιποῦ
646 3509 670 3546 σ.
