2356 3818
546 154 652 207 DATA.
1042 152 1105 217 109

69 287 104 373 [l,
122 291 204 379 363
220 292 328 380 1,43].
364 296 475 379 itaque
489 300 554 361 ΚΛ
572 297 649 361 data
663 300 713 360 est
731 297 954 382 magnitudine
974 297 1049 381 [def.
1062 297 1104 381 l].

72 413 206 464 uerum
228 401 328 466 etiam
352 402 458 486 speeie
481 403 558 466 data
580 407 631 467 est
654 402 728 486 [def.
745 402 789 486 3].
825 424 902 467 nam
921 403 1035 468 similis
1055 408 1106 468 est

76 499 215 582 figurae
239 509 301 570 ΓΒ
329 507 405 591 [VL
425 509 491 590 24].
537 509 647 593 itaque
670 509 793 595 figurae
817 512 881 573 ΚΛ
903 509 1006 573 latera
1029 510 1105 573 data

81 611 164 672 sunt
197 611 303 696 [prop.
326 612 409 697 LV}
458 614 569 698 iaque
597 620 686 679 reeta
712 618 748 678 K
752 619 780 678 Θ
812 615 889 679 data
917 619 982 699 est,
1014 616 1104 680 ouius

83 729 162 790 pars
188 721 261 782 ΚΓ
283 719 359 784 data
386 724 437 784 est
464 718 555 806 (nam
578 723 777 785 KP=EZ
807 718 956 807 [1,34]).
1006 742 1104 804 quare

87 835 172 896 quae
196 823 391 908 relinquitur
415 829 479 891 ΓΘ
506 828 582 892 data
605 833 655 892 est
680 828 782 912 [prop.
802 826 874 911 lv}
920 827 1016 890 etad
1042 831 1104 890 ΘΒ

88 922 252 993 rationem
274 929 374 995 habet
397 933 506 997 datam
530 933 605 1018 [def.
625 933 670 1016 3].
717 956 794 1019 ergo
818 934 917 998 etiam
943 937 1005 997 ΘΒ
1028 934 1104 997 data

89 1029 129 1088 est
161 1033 268 1120 [prop
287 1035 343 1120 Π]

564 1214 631 1278 LX.

34 1350 39 1421 ἱ
151 1347 193 1415 Si
211 1352 552 1440 parallelogrammum
571 1356 677 1440 speeie
697 1361 729 1420 et
748 1357 970 1442 magnitudine
990 1358 1102 1421 datum

34 1446 38 1473 *
88 1441 162 1516 dato
189 1477 351 1541 gnomone
376 1464 513 1545 augetur
536 1465 592 1525 aut
615 1463 785 1546 minuitur,
812 1463 1001 1528 latitudines
1025 1485 1103 1549 gno-

34 1612 37 1635 ,
87 1561 195 1626 nonis
219 1564 313 1628 datae
338 1570 420 1631 sunt.

34 1688 37 1729 ;
149 1685 234 1732 nam
253 1670 592 1756 parallelogrammum
610 1679 677 1738 AB
702 1675 807 1758 speeie
829 1678 861 1737 et
880 1673 1101 1757 magnitudine

86 1755 202 1838 latum
220 1775 310 1859 prius
331 1782 487 1862 augeatur
504 1779 579 1844 dato
597 1801 758 1865 gnomone
773 1782 985 1843 ΕΓΒΛΖΗ.
1020 1779 1102 1863 dieo,

85 1867 263 1965 lllrumque
285 1881 373 1946 latus
397 1885 467 1968 ΓΕ,
486 1888 552 1947 ΛΖ
576 1885 688 1950 datum
712 1908 790 1950 esse.

685 2014 761 2055 nam
798 1991 952 2074 quoniam
989 1990 1101 2054 datum

84 2069 106 2121 Η
529 2095 554 2145 Ε
619 2101 669 2160 est
689 2101 754 2160 ΑΒ
778 2100 811 2160 et
834 2096 934 2161 etiam
958 2117 1101 2182 gnomon

597 2189 600 2192 Α
619 2205 746 2267 ΕΓΒΛ
753 2207 824 2267 ΖΗ
828 2203 922 2267 datus
933 2207 992 2288 est,
1002 2203 1101 2266 etiam

619 2311 726 2372 totum
765 2312 846 2372 AH
887 2310 998 2373 datum
1040 2307 1101 2371 erit

91 2378 95 2556 Ι
347 2430 568 2481 Β--Γ
621 2415 724 2498 [prop.
745 2413 818 2497 IlI].
860 2437 974 2478 uerum
1002 2413 1101 2477 etiam

91 2562 93 2619 5
375 2468 378 2615 l
621 2520 726 2605 speeie
750 2521 862 2583 datum
883 2523 933 2583 est
956 2519 1031 2602 [def.
1052 2517 1100 2601 3];

78 2615 543 2703 Zx-„7—-2
620 2649 696 2689 nam
724 2625 829 2690 simile
858 2628 908 2688 est
932 2622 1101 2708 parallelo-

622 2752 767 2816 grammo
805 2735 883 2794 AB⁴
909 2729 956 2813 [H
983 2727 1043 2792 def.
1065 2728 1100 2813 23

74 2804 132 2899 Vs>
165 2833 234 2918 24].
276 2856 375 2918 quare
393 2835 497 2900 latera
514 2835 810 2922 parallelogrammi
829 2838 907 2898 AH
925 2835 1002 2897 data
1024 2838 1100 2897 sunt

74 2910 197 3023 [prop.
220 2939 304 3024 LV}
358 2941 469 3026 itaque
502 2945 674 3024 utrumque
704 2945 782 3023 ΑΕ,
805 2946 838 3004 A
845 2944 871 3003 Z
901 2940 1013 3004 datum
1041 2943 1098 3004 est.

72 3036 204 3110 uerum
224 3047 324 3111 etiam
342 3051 515 3131 utrumque
536 3050 604 3130 ΓΑ,
619 3053 684 3111 ΑΛ
702 3047 814 3111 datum
834 3048 883 3109 est
903 3045 984 3130 [ib.].
1021 3067 1099 3131 ergo

72 3124 252 3234 reliquum
277 3156 451 3236 utrumque
474 3155 544 3237 ΕΓ,
564 3158 596 3216 Δ
603 3156 630 3216 Ζ
654 3152 765 3215 datum
789 3155 838 3216 est
862 3152 966 3237 [prop.
985 3150 1057 3234 IV]

150 3253 222 3322 iam
249 3281 362 3323 rursus
389 3257 728 3343 parallelogrammum
750 3261 827 3321 AH
850 3257 955 3341 speeie
978 3259 1012 3319 et
1034 3277 1100 3319 ma-

77 3343 259 3451 testudine
284 3364 395 3428 datum
418 3364 583 3426 minuatur
607 3364 681 3427 dato
707 3384 867 3448 gnomone
886 3362 1100 3427 ΕΓΒΔΖΗ.

34 3516 38 3569 i
80 3437 180 3548 d¹00,
201 3473 373 3553 utrumque
396 3469 481 3534 latus
506 3472 576 3552 ΓΕ,
596 3473 663 3534 ΔΖ
686 3469 802 3536 datum
822 3490 905 3534 erae.
