2356 3818
86 120 151 184 104
488 123 693 175 ΔωΔοΜωαΑ.

85 275 152 328 τῶν
176 267 236 328 ΓΑ
243 269 280 347 Β,
304 258 352 328 ὧν
375 265 395 348 ἡ
418 264 483 329 ὑπὸ
502 270 602 330 ΔΑΒ
626 266 767 331 δοθεῖσά
790 265 891 350 ἐστιν,
913 267 1014 350 λοιπὴ
1036 267 1121 352 ἄρα

86 371 106 454 ἡ
133 370 199 434 ὑπὸ
227 380 295 434 τῶν
319 373 413 435 ΓΑΔ
445 370 514 435 ἐστι
543 373 691 436 δοθεῖσα.
746 375 815 437 ἔστι
843 369 881 437 δὲ
907 369 965 436 καὶ
990 370 1013 454 ἡ
1034 370 1117 440 ὑπὸ

86 487 154 540 τῶν
177 478 271 540 ΓΔΑ
294 477 446 541 δοθεῖσα·
474 477 562 563 ὀρθὴ
585 477 662 564 γάρ·
692 479 790 562 λοιπὴ
814 479 878 564 άρα
900 479 921 562 ἡ
944 477 1012 543 ὑπὸ
1034 489 1116 545 τῶν

86 585 185 646 ΑΓΔ
208 583 348 647 δοθεῖσά
371 583 474 648 ἐστιν·
507 583 639 648 δέδοται
662 585 786 670 ἄρατὸ
810 588 910 649 ΑΓΔ
934 586 1114 670 τρίγωνον

51 703 67 750 5
86 698 131 775 τῷ
155 689 248 752 εῖδει·
272 691 370 771 λόγος
387 691 452 776 άρα
471 688 539 754 ἐστὶ
557 699 615 773 τῆς
632 694 693 754 ΓΑ
714 692 797 776 πρὸς
815 691 877 774 τὴν
891 695 958 755 ΑΔ
975 691 1111 768 δοθείς.

86 803 144 877 τῆς
167 790 204 858 δὲ
225 800 292 858 ΔΑ
314 797 397 880 πρὸς
419 798 480 880 τὴν
503 801 570 860 ΑΒ
594 798 691 878 λόγος
715 795 783 861 ἐστὶ
807 798 935 873 δοθείς·
964 794 1111 879 καὶτῆς

87 903 148 963 ΓΑ
175 901 239 986 άρα
265 900 348 985 πρὸς
374 903 436 984 την
459 905 525 965 ΑΒ
554 904 651 983 λόγος
673 901 748 987 Ῐέστὶ
771 904 902 988 ,δοθελς
952 904 1012 966 καί
1031 901 1111 967 ἐστι

87 1006 227 1070 δοθεῖσα
249 1006 270 1089 ἡ
293 1010 367 1070 ΒΑ·
399 1007 538 1071 δοθεῖσα
562 1008 626 1092 άρα
649 1005 704 1071 καὶ
726 1008 747 1091 ἡ
770 1011 845 1072 ΑΓ.
890 1010 951 1072 καί
970 1007 1039 1072 ἐστι
1067 1005 1110 1070 τὸ
1169 1052 1172 1123 ἲ

86 1111 209 1187 πλάτος
231 1120 291 1176 τοῦ
314 1115 576 1196 παραβληματος.

34 1319 68 1369 10
563 1305 627 1391 νη’.

161 1425 237 1493 Ἐάν
269 1426 373 1494 δοθὲν
404 1431 493 1516 παρά
526 1432 687 1496 δοθεῖσαν
716 1435 917 1517 παραβληθῇ
950 1431 1124 1496 ἐλλεῖπον

88 1535 168 1598 εῖδει
192 1533 357 1622 δεδομένῳ
380 1545 425 1623 τῷ
449 1537 544 1620 εῖδει,
570 1535 702 1601 δέδοται
724 1538 764 1601 τά
786 1537 893 1621 πλάτη
916 1546 977 1602 τοῦ
1001 1529 1128 1603 ἐλλεί-

87 1663 197 1724 ματος.

155 1744 259 1812 δοθδν
282 1748 344 1833 γάρ
368 1750 405 1812 τὸ
428 1751 500 1812 ΑΓ
522 1750 611 1834 παρά
634 1750 796 1814 δοθεῖσαν
818 1750 880 1833 τὴν
903 1755 971 1814 ΑΔ
998 1761 1132 1832 παρα’

35 1867 68 1915 15
87 1857 263 1938 βεβλησθω
287 1854 437 1919 ἐλλεῖπον
459 1855 540 1919 εῖδει
564 1853 729 1942 δεδομένῳ
753 1865 798 1942 τῷ
824 1859 898 1919 ΓΔ·
930 1853 1028 1939 λέγω,
1055 1848 1132 1915 ὅτι

88 1960 227 2024 δοθεῖσα
251 1949 341 2024 ἔστιν
364 1957 499 2045 ἑκατέρα
521 1971 589 2025 τῶν
612 1964 683 2043 ΒΓ,
703 1965 774 2024 ΒΔ.

153 2067 326 2148 τετμήσθω
350 2066 413 2150 γάρ
436 2066 543 2149 ἡΑΔ
566 2067 642 2149 δίχα
662 2067 744 2130 κατά
762 2067 799 2130 τὸ
818 2071 851 2131 E
871 2079 1023 2151 σημεῖον·
1048 2064 1131 2128 δυ’

87 2178 185 2236 θεῖσα
215 2171 279 2255 άρα
302 2169 392 2234 ἐστὶν
419 2171 439 2254 ἡ
462 2176 535 2237 ΕΔ.
580 2170 635 2236 καὶ
667 2172 913 2257 ἀναγεγράφθω
948 2172 1013 2238 άπὸ
1046 2169 1130 2245 τῆς

88 2281 152 2341 EA
174 2285 219 2363 τῷ
240 2278 301 2340 ΓΔ
325 2275 440 2359 ὅμοιον
462 2276 518 2342 καὶ
541 2277 662 2361 ὁμοίως
682 2281 836 2361 κείμενον
860 2272 1128 2365 εὐθύγραμμον

34 2395 69 2444 20
87 2384 125 2447 τὸ
143 2386 218 2466 EZ,
239 2379 296 2446 καὶ
317 2384 582 2469 καταγεγράφθω
605 2385 643 2448 τὸ
666 2393 787 2468 σχῆμα·
811 2381 945 2448 δέδοται
963 2387 1030 2471 ἄρα
1049 2365 1120 2446 καὶ

87 2489 207 2553 τὸΕΖ
230 2498 275 2577 τῷ
299 2490 389 2554 εῖδει.
427 2487 483 2553 καὶ
506 2487 575 2554 ἐπεὶ
598 2489 662 2554 άπὸ
686 2487 864 2574 δεδομένης
886 2490 1023 2568 εὐθείας
1046 2487 1115 2563 τῆς

87 2599 156 2660 EA
188 2593 367 2680 δεδομένον
393 2605 439 2683 τῷ
467 2596 548 2659 εῖδει
575 2590 663 2671 εἶδος
690 2594 934 2682 ἀναγέγραπται
961 2598 999 2662 τὸ
1027 2587 1108 2665 El,

88 2699 220 2766 δέδοται
243 2703 307 2786 άρα
330 2703 367 2766 τὸ
390 2705 454 2765 EZ
480 2711 526 2788 τῷ
553 2699 695 2785 μεγέθει.
739 2704 799 2766 καί
819 2702 911 2767 ἐστιν
935 2708 1010 2769 ἴσον
1031 2702 1105 2765 τοῖς

87 2811 162 2890 ΑΓ,
182 2811 261 2871 ΚΘ·
295 2806 427 2871 δέδοται
455 2809 519 2892 άρα
545 2805 601 2870 καὶ
627 2808 668 2871 τά
696 2811 771 2891 ΑΓ,
789 2812 858 2873 ΚΘ
884 2818 931 2892 τῷ
958 2806 1098 2894 μεγέθεσι

160 2967 184 3016 1.
204 2962 296 3032 ΔΑΒ]
316 2965 397 3017 ΒΑΘ
415 2962 441 3017 b.
535 2969 560 3017 2.
586 2965 658 3016 ΓΑΔ
693 2979 761 3017 corr.
782 2968 915 3018 exAPA
933 2958 1094 3020 amb,

89 3035 167 3088 ΓΑΘ
186 3032 212 3087 b.
303 3032 413 3086 ἐστι-
431 3038 455 3087 4.
475 3034 565 3104 ΑΓΔ]
590 3049 642 3087 om.
689 3036 727 3089 at.
819 3040 843 3088 3.
869 3037 954 3108 ΓΔΑ]
975 3037 1046 3091 ΓΘΑ
1060 3026 1091 3079 b·

123 3109 147 3158 4.
171 3107 250 3157 ΑΓΔ
264 3104 454 3226 (οωοωοοο)]
468 3106 551 3159 ΑΓΘ
569 3103 596 3157 b.
679 3110 703 3158 ὁ.
727 3106 787 3176 ΑΔ]
806 3108 860 3160 ΑΘ
878 3105 906 3160 b.
989 3113 1014 3161 6.
1034 3106 1055 3158 Δ

87 3177 146 3229 ΑΘ
168 3174 195 3229 b.
277 3178 328 3227 AB
364 3179 412 3227 BA
457 3217 462 3227 .
542 3180 566 3227 8.
591 3173 659 3244 ἄρα]
679 3174 735 3243 ἄρα
758 3173 815 3230 ἐστί
837 3176 864 3231 b.
944 3172 1070 3247 mmalt.)

87 3244 157 3313 πρός
175 3244 201 3298 b.
264 3243 321 3298 ἐστι
352 3260 405 3297 om.
420 3244 485 3298 Vat.
559 3251 600 3299 12.
619 3244 721 3317 πλάτη]
742 3263 809 3300 corr.
830 3262 865 3300 ex
883 3246 962 3302 ἁπλᾶ
978 3255 1012 3320 τῇ
1026 3236 1094 3299 ω’

86 3317 151 3371 Vat.
226 3311 394 3385 ἐλλείματος]
415 3313 588 3378 ἐλλείποντος
606 3316 633 3370 b.
712 3323 753 3372 15.
779 3319 840 3389 ΓΔ]
859 3324 886 3372 Δ
892 3322 919 3372 Γ
934 3319 984 3374 vb.
1046 3313 1099 3367 1⁶·

88 3389 159 3460 ΒΓ]
180 3391 230 3441 ΓΒ
248 3385 275 3441 ο.
351 3390 392 3438 ιτ.
412 3382 489 3457 baxa]
507 3386 552 3440 bis
571 3386 650 3456 να,
674 3387 723 3441 alt.
744 3387 797 3441 del.
816 3407 853 3442 m.
874 3395 898 3443 ε.
973 3393 1013 3445 ω.
1028 3368 1104 3445 τά]

88 3475 141 3514 om.
160 3457 226 3510 Vat.
300 3461 342 3509 20.
363 3458 464 3528 σχῆμα]
484 3461 537 3511 ΕΖ
555 3456 679 3526 Ποῖα,
699 3461 767 3512 mut.
787 3457 817 3511 in
835 3467 928 3530 σχῆμα
947 3479 983 3515 m.
997 3464 1012 3514 2
1027 3452 1109 3511 ane
