2356 3818
132 140 174 204 10
533 142 736 194 ΔΕΔΟΜΕΝΑ.

127 288 159 350 B
166 288 198 349 Γ
220 291 324 373 λοιπῷ
351 295 396 372 τῷ
420 289 482 350 ΕΖ
510 283 600 350 έστιν
628 290 716 349 ἴσον·
749 282 881 349 δέδοται
908 285 972 370 ἄρα
998 305 1036 348 το
1060 285 1146 349 ΒΓ·

128 396 206 456 ἴσον
228 393 292 479 γὰρ
315 392 404 480 αὐτῷ
427 393 621 478 πεπόρισται
643 392 681 455 τὸ
705 395 777 455 ΕΖ.

618 607 655 648 ε.

194 706 270 774 Ἐὰν
288 701 429 794 μέγεθος
446 711 530 796 πρὸς
547 706 668 773 ἑαυτοῦ
686 731 717 773 τι
736 707 834 795 μέρος
852 710 952 790 λόγον
971 710 1027 792 ἔχῃ
1047 707 1146 773 δεδο-

91 826 111 875 5
129 813 241 898 μένον,
264 814 319 880 καὶ
341 817 424 902 πρὸς
446 817 483 880 τὸ
507 816 624 880 λοιπὸν
647 816 750 897 λόγον
771 813 833 892 ἔξει
857 813 1046 907 δεδομένον.

196 920 338 1006 μέγεθος
360 923 424 1008 γὰρ
447 923 485 986 τὸ
504 925 569 986 ΑΒ
592 922 675 1008 πρὸς
697 918 817 986 ἑαυτοῦ
840 944 872 985 τι
895 919 994 1007 μέρος
1015 922 1054 986 τὸ
1073 923 1148 986 ΑΓ

129 1029 231 1110 λόγον
254 1025 351 1112 ἐχέτω
376 1026 569 1112 δεδομένον·
592 1027 687 1111 λέγω,
711 1028 761 1093 ὅτι
783 1026 838 1092 καὶ
861 1033 944 1114 πρὸς
965 1028 1002 1092 τὸ
1021 1029 1144 1094 λοιπὸν

129 1135 167 1197 τὸ
191 1136 258 1197 ΒΓ
276 1134 377 1216 λόγον
400 1137 465 1218 ἔχει
488 1132 678 1218 δεδομένον.

196 1241 320 1304 κείσθω
348 1241 412 1327 γὰρ
440 1239 620 1325 δεδομένον
647 1239 788 1324 μέγεθος
809 1241 846 1304 τὸ
869 1245 902 1304 Λ
909 1245 945 1305 Ζ.
991 1237 1047 1304 καὶ
1071 1239 1144 1306 ἐπεὶ

75 1356 111 1406 10
130 1346 229 1426 λόγος
257 1343 326 1410 ἐστὶ
354 1345 468 1423 δοθεὶς
494 1347 512 1412 δ
539 1355 599 1411 τοῦ
623 1350 689 1411 BA
715 1348 799 1431 πρὸς
825 1348 863 1411 τὸ
886 1349 961 1430 ΑΓ,
993 1346 1011 1412 δ
1040 1346 1143 1424 αὐτὸς

130 1450 219 1538 αὐτῷ
250 1454 444 1538 πεπορίσθω
476 1452 494 1517 ὁ
525 1460 587 1520 ,τοῦ
617 1457 681 1517 ΖΛ
712 1453 795 1538 πρὸς
811 1456 897 1516 ’ΔΕ
945 1453 1043 1534 λόγος
1076 1455 1144 1540 ἄρα

129 1554 220 1622 ἐστὶν
243 1557 261 1623 δ
284 1566 344 1623 τοῦ
362 1563 434 1623 ’ΖΔ
455 1559 538 1643 πρὸς
560 1563 630 1623 ΔΕ
651 1560 773 1635 δοθείς.
815 1555 919 1624 δοθὲν
942 1554 980 1623 δὲ
1001 1560 1039 1624 τὸ
1065 1563 1141 1626 ΖΔ.
1165 1620 1169 1628 .

130 1660 235 1729 δοθὲν
256 1666 321 1749 ἄρα
343 1663 458 1730 καὶτὸ
481 1670 561 1730 ΛΕ·
585 1664 639 1730 καὶ
663 1666 780 1731 λοιπὸν
803 1666 867 1750 ἄρα
889 1666 926 1729 τὸ
949 1668 1013 1731 ΕΖ
1036 1665 1144 1753 δοθέν

130 1768 229 1849 ἐστιν.
266 1773 335 1835 ἔστι
358 1767 396 1836 δὲ
417 1771 473 1836 καὶ
495 1773 533 1837 τὸ
556 1777 589 1836 Δ
596 1776 622 1836 Ζ
646 1770 763 1837 δοθέν·
787 1773 885 1854 λόγος
907 1772 972 1857 ἄρα
994 1780 1055 1836 τοῦ
1074 1775 1144 1839 ΔΖ

74 1886 110 1936 15
130 1878 212 1962 πρὸς
234 1878 272 1942 τὸ
297 1882 361 1942 ΖΕ
387 1879 508 1955 δοθείς.
553 1876 608 1942 καὶ
633 1877 704 1943 ε’πεί
724 1876 813 1943 έστιν
837 1877 882 1954 ὡς
904 1878 941 1943 τὸ
962 1883 997 1942 Λ
1004 1881 1030 1941 Ζ
1058 1880 1145 1965 πρὸς

129 1987 212 2066 ΔΕ,
240 1983 346 2059 οὕτως
368 1982 423 2047 καὶ
446 1985 484 2049 τὸ
507 1987 572 2048 ΑΒ
598 1985 681 2067 πρὸς
703 1986 778 2066 ΑΓ,
806 1982 1049 2068 ἀναστρέψαντι
1077 1986 1144 2072 ἄρα

130 2086 221 2152 ἐστὶν
248 2087 293 2164 ὡς
320 2090 357 2153 τὸ
380 2093 446 2153 ΛΖ
479 2090 561 2174 πρὸς
588 2091 625 2153 τὸ
654 2093 730 2171 ΖΕ,
763 2089 868 2166 οὕτως
895 2091 932 2154 τὸ
960 2093 1026 2154 ΑΒ
1058 2092 1145 2178 πρδς

129 2194 167 2259 τὸ
191 2196 262 2258 ΒΓ.
307 2196 405 2278 λόγος
427 2191 465 2259 δὲ
486 2203 547 2259 τοῦ
569 2199 636 2259 ΔΖ
664 2196 747 2279 πρὸς
770 2199 835 2260 ΖΕ
858 2197 986 2278 δοθείς,
1018 2196 1064 2274 ὡς
1088 2197 1142 2263 δέ-

130 2301 268 2378 δεικται·
292 2302 390 2383 λόγος
413 2303 476 2386 ἄρα
498 2299 554 2364 καὶ
576 2309 637 2365 τοῦ
655 2305 720 2366 ΑΒ
743 2303 826 2386 πρὸς
848 2303 885 2367 τὸ
904 2305 972 2367 ΒΓ
989 2304 1117 2383 δοθείς.

72 2522 111 2572 νο
615 2512 656 2584 ς’.

195 2637 270 2703 Ἐδιν
289 2638 351 2702 δύο
370 2635 494 2720 μεγέθη
509 2643 655 2722 συντεθῇ
672 2639 755 2724 πρὸς
769 2639 893 2722 ἄλληλα
906 2642 1007 2723 λόγον
1022 2642 1144 2725 ἔχοντα

128 2742 323 2828 δεδομένον,
355 2739 410 2806 καὶ
437 2744 474 2807 τὸ
502 2743 581 2808 ὅλον
608 2744 691 2829 πρὸς
718 2741 872 2831 ἑκάτερον
899 2746 1010 2811 αὐτῶν
1037 2749 1144 2830 λόγον

125 2848 192 2928 ἕξει
214 2846 401 2932 δεδομένον.

197 2957 386 3038 συγκείσθω
410 2955 473 3039 γὰρ
498 2957 559 3021 δύο
582 2954 711 3040 μεγέθη.
728 2957 768 3020 τὰ
786 2960 861 3040 ΑΓ,
882 2961 953 3042 ΓΒ,
975 2958 1065 3045 πρὸς
1082 2962 1143 3028 ἄλ·

139 3196 142 3201 ’
200 3205 224 3252 1.
243 3192 304 3252 ἴσον
323 3198 376 3254 Pv.
454 3205 477 3254 2.
497 3202 584 3273 αὐτῷ]
605 3187 672 3255 coir.
693 3217 728 3254 ex
745 3201 814 3257 αότό
832 3220 868 3257 m.
888 3209 904 3256 2
923 3221 949 3259 v.
1024 3209 1047 3259 7.
1067 3205 1142 3275 πρός

127 3273 196 3323 -8,
216 3267 369 3337 δεδομένον
401 3270 483 3326 ότοῦ
502 3276 551 3326 AB
570 3272 640 3340 πρὸς
659 3276 713 3326 ΒΓ
727 3272 808 3342 λόγος
827 3272 882 3327 ἐστὶ
901 3271 1000 3338 δοθελς
1018 3291 1043 3330 ο.
1112 3282 1140 3334 9.

125 3336 188 3393 ἐπεί
207 3371 241 3381 -
258 3347 299 3396 11.
318 3344 375 3396 ΔΕ
404 3342 549 3412 τετμήσθω
569 3340 721 3468 δμοίωςτρ
740 3349 790 3398 ΑΒ
809 3343 930 3399 κατὰτὸ
950 3349 1018 3401 Ea.
1094 3353 1140 3404 10.

125 3407 202 3465 ἐστίν
215 3409 267 3465 Pv.
331 3419 372 3467 11.
392 3412 459 3467 Post
473 3411 636 3482 τεπορλοθω
651 3413 681 3468 in
721 3417 759 3469 at.
775 3418 846 3484 spat.
862 3431 922 3471 vac.
938 3421 953 3470 9
967 3415 1024 3472 litt.
1080 3417 1141 3488 ἄρα

109 3477 213 3576 ἐστίν]
238 3498 290 3538 om.
310 3500 335 3539 a.
428 3490 468 3540 12.
492 3486 523 3541 τὸ
542 3489 598 3540 ΔΕ
618 3503 643 3541 a.
736 3490 777 3540 14.
802 3485 858 3540 ἐστι
877 3503 901 3541 a.
992 3490 1140 3563 AZ(pr.)]
