2356 3818
401 147 440 196 ru
457 145 626 196 ansanus
644 145 748 196 nuru.
1020 144 1085 207 241

68 286 128 368 qui
163 285 250 349 intra
286 287 487 373 triangulum
525 291 617 372 sunt,
663 289 812 371 aequales
851 309 921 352 esse
959 289 1086 353 duobus

70 391 168 456 rectis
203 396 235 456 et
263 397 386 457 rectam
414 416 453 457 ex
481 393 607 457 duobus
640 393 827 457 nominibus
859 392 1083 458 irrationalem

70 519 151 561 esse.
202 503 369 581 praeterea
396 499 493 564 etiam
523 499 603 562 talia
629 504 722 563 nota
750 521 819 563 esse
843 499 1008 584 dicuntur,
1040 504 1087 585 ut,

71 626 170 667 unam
197 609 320 669 rectam
348 629 418 670 esse
447 606 690 691 contingentem
717 605 838 669 lineam
866 604 1018 691 spiralem
1048 627 1087 668 ex

70 714 193 792 puncto
222 716 313 775 extra
346 714 421 776 dato
455 713 495 776 ad
527 713 662 776 alteram
690 717 799 776 utram
828 715 963 795 partem.
1009 732 1086 774 nam

70 820 107 878 ut
128 816 193 879 alia
212 838 339 900 quoque
360 818 412 902 sit,
435 820 516 882 duae
534 817 637 882 lineae
657 821 763 881 rectae
784 816 925 900 spatium
945 815 1088 880 contine-

71 921 164 1004 bunt,
186 921 218 985 id
238 922 323 1006 quod
341 922 412 985 fieri
430 944 497 986 non
514 927 633 1007 potest.
671 923 809 1008 ignota
827 942 905 985 uero
924 942 991 984 non
1011 925 1087 984 sunt

72 1049 119 1111 ea,
144 1032 321 1110 quaesunt
343 1028 559 1113 irrationalia,
583 1030 639 1093 sed
663 1051 714 1114 ea,
737 1049 818 1112 quae
841 1048 945 1111 neque
970 1048 1088 1111 cogno·

71 1137 208 1197 scuntur
231 1157 250 1198 a
272 1134 367 1199 nobis
389 1157 493 1220 neque
517 1139 624 1199 mente
649 1135 972 1220 comprehenduntur.

138 1241 313 1323 parabile
337 1242 503 1305 autemid
526 1247 584 1324 est,
609 1242 695 1325 quod
718 1264 831 1325 parare
854 1261 1028 1325 possumus
1053 1243 1098 1310 et,

71 1349 269 1431 construere,
291 1347 354 1411 hoc
377 1352 427 1411 est
450 1347 490 1410 ad
508 1347 766 1433 intellegentiam
789 1348 953 1411 deducere.
991 1346 1086 1410 aliter

72 1454 183 1514 autem
210 1475 321 1517 rursus
349 1453 523 1538 parabile
553 1458 610 1517 aut
636 1453 670 1516 id
698 1473 767 1516 esse
796 1453 967 1537 definiunt,
999 1452 1085 1534 quod

73 1558 349 1623 demonstratione
376 1563 524 1644 paratur,
557 1563 614 1621 aut
642 1557 670 1620 si
700 1557 777 1639 quid
805 1560 958 1640 appareat
986 1556 1086 1620 etiam

72 1662 142 1727 sine
180 1665 472 1750 demonstratione,
513 1662 621 1748 qualia
656 1663 736 1726 haee
773 1665 865 1745 sunt,
905 1664 1016 1724 centro
1054 1665 1086 1724 et

72 1768 162 1832 radic
193 1770 268 1833 dato
302 1770 460 1834 circulum
493 1769 686 1850 describere,
723 1771 756 1830 et
788 1766 987 1850 triangulum
1019 1787 1086 1828 non

72 1875 169 1938 modo
207 1877 457 1959 aequilaterum,
503 1876 559 1939 sed
601 1875 765 1938 scalenum
810 1875 1011 1954 construere,
1053 1876 1086 1935 et

71 1984 195 2044 rectam
219 2004 258 2044 ex
286 1982 411 2045 duobus
439 1979 626 2043 nominibus
649 1978 795 2042 inuenire
824 1980 857 2039 et
885 1980 951 2039 tres
980 1981 1085 2041 rectas

71 2086 258 2170 rationales,
277 2107 358 2169 quae
376 2086 524 2170 potentia
543 2086 648 2150 solum
669 2082 976 2149 commensurabiles
997 2088 1085 2166 sunt3

71 2191 173 2254 etiam
197 2213 248 2274 ea,
281 2213 362 2275 quae
389 2191 526 2256 infinitis
556 2191 660 2256 modis
688 2192 784 2274 fiunt,
816 2187 977 2273 parabilia
1001 2194 1086 2274 sunt,

70 2296 164 2359 uelut
200 2318 258 2379 per
295 2297 358 2361 duo
394 2302 515 2381 puncta
552 2298 709 2363 circulum
750 2295 939 2361 describere.
1005 2318 1086 2360 non

71 2402 250 2485 parabile
282 2407 332 2466 est
364 2407 473 2468 autem
500 2403 547 2489 id,
579 2405 665 2489 quod
697 2401 866 2487 parabili
899 2401 1086 2485 oppositum

74 2511 135 2592 est,
158 2509 249 2572 uelut
270 2510 466 2592 quadratura
485 2510 611 2595 circuli,
633 2533 709 2574 nam
727 2510 872 2573 nondum
894 2510 1008 2590 parata
1027 2512 1087 2591 est,

72 2611 201 2675 etiamsi
233 2614 341 2695 parari
373 2618 483 2698 potest
516 2618 549 2678 et
582 2605 642 2677 sub
677 2612 846 2676 scientiam
878 2610 977 2693 cadit3
1015 2611 1084 2674 eius

72 2717 159 2781 enim
178 2718 314 2782 scientia
326 2720 471 2784 nondum
485 2718 718 2802 comprehensa
732 2720 790 2780 est.
820 2735 906 2777 nunc
921 2717 1030 2778 autem
1046 2717 1083 2780 de

73 2845 111 2887 eo
131 2823 319 2912 explicatur,
342 2825 429 2909 quod
446 2824 512 2887 iam
529 2827 680 2907 paratum
700 2825 758 2906 est,
777 2819 863 2902 quod
882 2818 981 2882 etiam
996 2841 1087 2903 prae·

71 2930 165 3012 cipue
202 2932 345 3014 πόριμον
380 2929 559 2993 nominant.
623 2949 699 2991 nam
735 2926 783 3009 id,
820 2924 907 3008 quod
941 2927 1084 2989 nondum

71 3038 224 3119 paratum
254 3040 317 3120 est,
348 3034 457 3119 parari
485 3039 594 3099 autem
616 3037 739 3119 potest,
769 3031 900 3116 proprie
927 3035 1086 3117 ποριστόν

72 3145 201 3203 uocant.
246 3163 323 3205 non
345 3140 521 3225 parabile
545 3144 663 3224 autem,
686 3144 723 3203 ut
746 3138 868 3203 dictum
891 3142 954 3223 est,
975 3161 1086 3222 para-

71 3245 144 3308 bili
173 3247 360 3330 0ppositum
388 3251 485 3329 atque
512 3246 545 3309 id
569 3251 634 3331 est,
662 3245 751 3310 cuius
779 3244 995 3329 perscrutatio
1018 3265 1085 3306 non

70 3355 122 3415 est
147 3352 330 3417 diiudicata.

141 3456 337 3520 rationale
366 3461 474 3522 autem
497 3456 531 3519 id
554 3461 617 3542 est,
648 3457 739 3522 cuius
763 3456 887 3520 adferre
912 3477 1093 3538 possumus

126 3569 273 3620 Euclides,
290 3569 340 3611 cdd.
354 3570 459 3623 Helberg
473 3573 497 3612 et
510 3572 605 3624 Margo.
622 3573 667 3614 ui.
908 3561 949 3606 W>
