2356 3818
531 148 734 198 ΔΕΔΟΜΒΝΑ.

611 369 657 428 μ.

194 481 270 547 Ἐάν
292 485 457 567 τριγώνου
482 483 600 568 ἑκάστη
623 497 690 550 τῶν
713 497 844 569 γωνιῶν
867 484 1032 571 δεδομένη
1056 481 1080 574 ᾖ
1100 494 1141 574 τῷ

127 586 271 672 μεγέθει,
294 588 427 654 δέδοται
450 593 487 655 τὸ
511 594 676 677 τρίγωνον
699 601 744 680 τῷ
769 593 858 676 είδει.

194 697 359 781 τριγώνου
383 697 446 781 γάρ
470 705 530 760 τοῦ
549 700 655 761 ΑΒΓ
673 695 790 781 ἑκάστη
811 708 878 762 τῶν
896 709 1034 780 γωνιῶν
1052 700 1140 764 δεδο

93 800 208 886 δμένη
237 805 318 866 ἔστω
346 812 391 890 τῷ
419 801 565 887 μεγέθει·
603 802 703 887 λέγω,
736 805 786 869 ὅτι
815 802 947 868 δέδοται
977 806 1015 869 τὸ
1045 807 1144 870 ΑΒΓ

127 911 291 994 τρίγωνον
314 919 359 996 τῳ
383 910 472 974 είδει.

194 1014 355 1079 ἐκκείσθω
384 1017 447 1101 γάρ
475 1027 515 1101 τῇ
543 1015 635 1081 θέσει
662 1015 717 1081 καὶ
744 1026 790 1105 τῷ
819 1015 952 1101 μεγέθει
982 1015 1138 1103 δεδομένη

128 1121 243 1186 εὐθεῖα
271 1121 394 1203 ME,
426 1120 482 1186 καὶ
510 1123 696 1188 συνεστάτω
724 1125 807 1209 πρὸς
834 1133 874 1208 τῇ
896 1128 966 1188 AE
992 1122 1050 1188 καὶ
1077 1135 1138 1199 τοῖς

127 1228 210 1311 πρὸς
233 1227 316 1312 αὐτῇ
340 1231 485 1310 σημείοις
503 1240 573 1305 τοῖς
592 1235 634 1313 A,
649 1234 680 1292 E
701 1240 741 1315 τῇ
759 1226 820 1313 μὲν
837 1229 903 1293 ὑπὸ
919 1232 1015 1294 ΓΒΑ
1038 1233 1137 1315 γωνίᾳ

75 1345 109 1393 10
129 1337 182 1415 ίση
206 1337 311 1414 γωνία
334 1332 569 1418 εὐθύγραμμος
591 1334 611 1416 ἡ
634 1335 699 1399 ὑπὸ
723 1339 839 1418 EAZ,
862 1344 901 1420 τῇ
925 1330 963 1399 δὲ
985 1334 1053 1401 ὑπὸ
1077 1346 1136 1399 τῶν

128 1441 228 1502 ΑΓΒ
257 1444 310 1521 ίση
339 1439 359 1522 η
386 1439 451 1504 ὑπὸ
479 1450 546 1505 τῶν
568 1445 683 1504 AEZ·
720 1442 818 1524 λοιπὴ
847 1442 911 1526 άρα
937 1441 958 1523 ἡ
986 1440 1054 1506 ὑπὸ
1077 1451 1135 1505 τῶν

128 1547 229 1608 ΒΑΓ
246 1550 343 1630 λοιπῇ
368 1551 422 1628 ίση
445 1556 485 1631 τῇ
507 1546 572 1610 ὑπὸ
596 1557 664 1610 τῶν
681 1552 715 1610 A
722 1551 785 1611 ZE
806 1546 905 1612 ἐστιν.
945 1546 1088 1612 δοθεῖσα
1104 1542 1135 1610 δὲ

127 1648 245 1734 ἑκάστη
264 1662 331 1717 τῶν
349 1653 432 1737 πρὸς
450 1664 520 1727 τοῖς
538 1659 581 1735 Α,
595 1656 634 1736 Β,
650 1655 694 1716 Γ·
713 1653 853 1717 δοθεῖσα
872 1654 935 1738 άρα
952 1651 1010 1717 καὶ
1024 1650 1134 1734 ἑκάστη

126 1769 193 1822 τῶν
220 1759 302 1844 πρὸς
329 1770 398 1835 τοῖς
425 1764 472 1842 A,
491 1763 534 1841 E,
555 1763 591 1823 Z.
642 1757 712 1823 ε’κεὶ
740 1755 802 1824 οὖν
824 1760 907 1845 πρὸς
929 1757 1025 1824 θέσει
1048 1759 1135 1824 δεδο-

75 1875 108 1923 15
127 1862 208 1948 μένη
236 1864 353 1951 εὐθείᾳ
379 1875 418 1949 τῇ
442 1869 511 1928 AE
536 1862 591 1928 καὶ
618 1874 663 1952 τῳ
688 1867 771 1951 πρὸς
794 1865 877 1951 αὐτῇ
900 1867 1024 1952 σημείῳ
1048 1865 1134 1930 δεδο

126 1970 214 2057 μένῳ
241 1980 287 2057 τῷ
315 1975 349 2033 A
380 1970 496 2035 εὐθεῖα
523 1973 655 2056 γραμμὴ
685 1966 780 2055 ἦκται
812 1971 832 2054 η
859 1978 893 2036 A
899 1976 926 2035 Z
959 1969 1135 2056 δεδομένην

127 2084 269 2140 ποιοῦσα
288 2078 415 2157 γωνίαν
432 2076 494 2158 τὴν
511 2077 594 2161 πρὸς
612 2085 657 2164 τῳ
672 2082 715 2159 A,
733 2075 827 2142 θέσει
846 2079 910 2162 άρα
925 2074 1017 2141 ἐστὶν
1030 2077 1052 2160 ἡ
1066 2079 1134 2142 ΔΖ.

127 2181 184 2244 διά
210 2181 251 2244 τά
279 2181 363 2244 αὐτά
390 2180 431 2263 δη
459 2179 514 2245 καὶ
541 2182 561 2265 η
585 2186 648 2245 ΕΖ
680 2180 773 2247 θέσει
801 2182 904 2248 ἐστίν·
942 2179 1049 2248 δοθέν
1079 2184 1135 2268 ἄρα

128 2285 197 2350 ἐστὶ
224 2288 261 2351 τὸ
289 2291 316 2350 Ζ
344 2297 488 2370 σημεῖον.
534 2291 602 2352 ἔστι
630 2285 668 2352 δὲ
695 2287 750 2353 καὶ
778 2287 932 2375 ἑκάτερον
959 2300 1029 2354 τῶν
1051 2290 1137 2372 Δ,Β

73 2404 108 2453 20
126 2390 243 2457 δοθέν·
272 2393 411 2456 δοθεῖσα
434 2395 498 2479 άρα
521 2392 612 2458 ἐστίν
640 2391 757 2477 ἑκάστη
786 2404 853 2459 τῶν
874 2397 908 2458 Δ
914 2399 952 2477 Ζ,
976 2400 1056 2478 ΔΒ,
1078 2396 1135 2460 ΒΖ

126 2509 165 2583 τῇ
188 2496 281 2563 θέσει
308 2498 364 2564 καὶ
390 2508 436 2587 τῳ
459 2497 606 2583 μεγέθει·
639 2497 772 2564 δέδοται
795 2501 859 2584 άρα
881 2500 918 2563 τὸ
942 2505 1049 2565 ΑΖΕ
1074 2500 1135 2585 τρί-

126 2627 236 2687 γωνον
259 2615 304 2693 τῷ
328 2607 417 2670 εῖδει.
454 2608 513 2669 καί
533 2604 623 2670 ἐστιν
646 2605 762 2689 ὅμοιον
785 2614 830 2692 τῳ
852 2608 958 2670 ΑΒΓ
974 2606 1134 2692 τριγώνῳ·

126 2708 256 2776 δέδοται
281 2714 345 2797 άρα
367 2710 422 2776 καί
445 2713 483 2776 τὸ
507 2714 611 2775 ΑΒΓ
629 2715 794 2796 τρίγωνον
816 2720 862 2798 τῷ
886 2712 975 2776 είδει.

126 2891 339 2899 --.-....----

198 3014 221 3062 1.
246 3008 289 3079 μ’]
314 3007 364 3075 μα’
389 3007 416 3060 b.
507 3012 531 3060 ὁ.
556 3005 624 3077 λέγω
644 3039 676 3047 -
697 3014 720 3061 6.
746 3006 825 3079 είδει]
850 3024 903 3062 om.
927 3025 953 3061 V.
1047 3014 1072 3062 8.
1093 3004 1131 3077 τῇ]

124 3078 176 3146 τήν
195 3078 222 3132 b.
314 3083 338 3130 9.
362 3078 451 3201 amq
464 3078 560 3140 αὐτοῖς
577 3096 603 3146 v,
624 3094 692 3132 corr.
711 3096 747 3132 m.
768 3084 792 3132 1.
883 3083 925 3131 11.
949 3080 1043 3151 ΑΓΒ]
1067 3079 1132 3133 ΒΓΔ

125 3149 222 3203 Vabs,
283 3147 340 3217 ἴση]
360 3164 413 3202 om.
453 3191 459 3202 .
534 3153 574 3203 12.
596 3150 685 3220 ΒΑΓ]
706 3153 779 3203 ΒΓΑ
797 3149 851 3202 Pb.
913 3148 1122 3222 λοιπῇ-ἐστιν

125 3223 208 3290 λοιπῇ
227 3227 261 3290 τη
279 3217 334 3272 ὑπὸ
352 3228 408 3273 τῶν
427 3222 501 3273 ΒΓΑ
525 3217 569 3288 ίση
588 3219 605 3288 ἡ
625 3219 679 3274 ὑπὸ
698 3229 754 3275 τῶν
772 3223 857 3274 ΔΕΖ
876 3218 951 3274 έστιν
971 3220 999 3274 b.
1072 3227 1121 3275 τῶν

126 3307 179 3345 om.
199 3290 263 3344 δῖοί.
337 3295 378 3342 13.
398 3289 466 3343 Post
487 3293 513 3343 Γ
528 3289 592 3343 add.
612 3296 638 3344 A
655 3290 682 3344 b.
751 3288 811 3362 καί]
832 3308 885 3344 om.
904 3290 931 3344 b.
998 3296 1040 3346 15.
1059 3290 1129 3345 δεδο-

126 3358 200 3434 μένῳ
220 3357 322 3432 σημείῳ
340 3360 367 3413 b.
450 3367 491 3415 16.
511 3361 560 3432 τῷ]
578 3361 630 3429 τήν
649 3361 675 3414 b.
750 3368 791 3416 17.
810 3361 874 3433 τήν]
892 3357 944 3431 τηά
960 3361 988 3416 b.
1060 3356 1129 3417 θέσει

125 3517 156 3525 -
167 3485 235 3556 AZ]
251 3468 370 3539 δοθεῖοα
389 3505 445 3555 αρα
461 3503 535 3540 εστιν
553 3457 572 3555 z
590 3489 645 3538 ΔΖ
661 3470 679 3555 ⁸¹}
697 3484 728 3552 b,
750 3486 868 3554 puncta,
887 3503 947 3554 κ,ο
967 3487 997 3540 et
1009 3502 1064 3555 mg.
1084 3476 1129 3549 Η
