2356 3818
398 158 437 208 in
455 157 625 208 aucmms
643 157 749 212 narn.
1018 154 1083 219 255

67 297 385 364 demonstrationum
405 298 561 363 similium
578 297 674 363 nobis
692 299 807 384 prosit,
826 300 993 383 maiusque
1012 322 1083 364 esse

65 403 259 468 facultatem
282 404 467 468 resoluendi
490 404 655 487 acquirere
686 428 784 490 quam
808 405 926 469 multas
951 406 1083 470 demon-

67 509 245 574 strationes
268 509 531 595 propositionum
553 509 801 593 particularium
824 510 953 574 habere.

135 615 246 698 itaque
280 638 354 680 cum
386 615 565 699 disputatio
598 616 636 679 de
669 616 759 681 dato
797 617 837 680 ad
869 636 981 679 omnes
1013 615 1082 680 eius

67 720 197 806 generis
225 720 413 805 disciplinas
441 720 532 785 utilis
566 720 609 785 sit
641 725 674 785 et
701 721 841 785 multum
869 720 1014 786 conferat
1043 723 1083 786 ad
1127 713 1132 722 ¹

68 826 228 912 analysin,
250 826 367 892 merito
391 826 518 891 dicatur
540 827 654 891 referri
675 849 742 891 non
767 828 806 890 ad
825 850 923 891 unam
942 827 1084 910 discipli-

67 955 159 1018 nam,
182 934 237 998 sed
261 935 301 998 ad
323 934 524 1017 uniuersam,
551 956 649 1017 qnam
673 932 798 1018 dicunt,
821 933 1082 998 mathematicen.

67 1039 150 1104 haec
174 1044 283 1103 autem
307 1044 356 1104 est
380 1062 418 1104 ea
441 1040 622 1126 disciplina,
644 1062 726 1124 quae
750 1040 837 1105 circa
854 1039 1082 1104 multitudines

69 1149 120 1208 est
144 1148 178 1209 et
196 1146 436 1231 magnitudines
460 1151 493 1211 et
511 1150 659 1230 tempora
678 1152 711 1212 et
730 1147 913 1212 celeritates
936 1150 969 1210 et
988 1168 1083 1230 quae-

68 1272 207 1333 cumque
237 1256 313 1316 sunt
342 1252 411 1316 eius
440 1253 581 1338 generis,
610 1255 880 1337 quemadmodum
909 1253 1008 1318 etiam
1035 1275 1083 1339 ea,

69 1378 151 1441 quae
184 1357 269 1422 circa
296 1359 438 1422 rationes
472 1363 505 1421 et
533 1359 761 1443 proportiones
794 1364 826 1424 et
855 1381 950 1423 omne
979 1381 1080 1445 genus

68 1463 280 1527 medietatum
302 1469 460 1528 uersatur.
499 1464 538 1527 ad
561 1463 644 1527 hanc
667 1463 770 1548 igitur
793 1464 946 1529 scientiae
970 1466 1079 1530 dato-

66 1590 150 1632 rum
178 1569 512 1654 comprehensionem,
545 1591 626 1653 quae
659 1568 789 1652 quidem
818 1569 994 1634 utilissima
1022 1575 1081 1655 est,

67 1675 262 1739 datorum
302 1676 423 1740 librum
464 1675 647 1740 elaborauit
683 1675 851 1758 Euclides,
891 1697 988 1757 quem
1028 1675 1081 1740 uel

67 1781 197 1866 proprie
222 1782 456 1847 elementorum
485 1782 678 1866 scriptorem
700 1780 970 1863 nominauerunt3
1002 1801 1079 1844 nam

68 1888 175 1952 omnis
199 1886 266 1951 fere
290 1887 479 1972 disciplinae
498 1885 748 1951 mathematicae
768 1886 928 1949 elementa
950 1889 983 1949 et
1001 1889 1082 1950 tam·

67 2015 166 2076 quam
189 1992 414 2056 institutiones
437 1991 622 2076 proposuit,
644 1990 735 2055 uelut
757 1991 860 2055 totius
884 1991 1081 2076 geometriae

65 2099 161 2163 libris
189 2098 256 2160 illis
284 2096 438 2160 tredecim
466 2101 500 2161 et
527 2097 745 2162 astronomiae
773 2096 808 2160 in
830 2081 1095 2184 Phaenomenis,

65 2225 172 2285 neque
188 2201 295 2266 minus
312 2200 451 2266 musices
465 2208 498 2268 et
513 2202 637 2288 optices
652 2203 811 2268 elementa
824 2203 967 2288 tradidit,
982 2209 1080 2290 atque

66 2309 170 2374 etiam
193 2307 255 2372 hoc
277 2308 362 2372 libro
390 2309 492 2373 totius
521 2311 559 2374 de
588 2311 676 2375 dato
705 2309 893 2396 disciplinae
921 2312 1081 2376 elementa

65 2413 277 2479 resolutionis
305 2414 360 2478 uia
387 2415 577 2500 composuit.
625 2417 681 2500 qui
708 2440 783 2482 cum
811 2421 896 2482 esset
920 2418 1080 2502 imprimis

68 2524 249 2606 geometra,
280 2542 466 2586 communes
494 2521 575 2587 dati
601 2523 744 2610 rationes
774 2523 815 2586 ad
837 2522 1079 2606 magnitudines

66 2626 198 2711 proprie
222 2627 497 2712 adcommodauit,
520 2649 617 2711 quam
640 2627 728 2691 uiam
754 2631 884 2691 secutus
907 2631 958 2690 est
981 2626 1080 2692 etiam

66 2731 102 2795 in
132 2732 336 2816 generalibus
364 2733 547 2798 rationibus
579 2732 615 2794 in
642 2730 922 2816 magnitudinibus
950 2731 1080 2815 proprie

66 2858 122 2900 eas
162 2842 364 2920 pertractans
401 2838 436 2901 in
475 2837 589 2921 quinto
630 2836 803 2920 planorum
845 2835 1079 2901 elementorum

64 2941 160 3006 libro.

113 3049 284 3113 -uniuerse
307 3048 410 3134 igitur
432 3048 556 3113 dictum
579 3052 638 3134 est,
661 3047 791 3111 datum
815 3047 892 3132 quid
915 3049 959 3114 sit
982 3054 1014 3114 et
1038 3052 1078 3115 ad

104 3279 145 3328 10.
165 3275 274 3346 πλήθη]
293 3273 397 3342 πλήθει
415 3274 479 3328 Vat.
545 3279 587 3328 11.
606 3272 787 3345 τὰτοιαῦτα]
806 3282 894 3328 ταῦτα
912 3275 977 3329 Vat.
1035 3279 1078 3330 15.

66 3344 247 3416 ἐξεπόνησεν]
271 3344 453 3414 &demandasse
471 3344 600 3411 PVat.v;
625 3361 692 3399 corr.
712 3345 777 3398 Vat.
796 3363 832 3399 m.
852 3351 877 3400 2.
968 3350 1010 3400 20.
1030 3344 1079 3418 δή]

65 3413 137 3485 μηδὲ
156 3435 181 3470 u.
272 3421 314 3471 al.
339 3423 388 3485 τῆς
405 3412 485 3486 περὶ]
505 3415 569 3482 περὶ
586 3422 636 3484 τῆς
652 3415 688 3483 Ρ;
709 3423 758 3485 τῆς
777 3431 829 3470 om.
848 3433 875 3469 v.
966 3420 1008 3470 25.
1029 3414 1079 3486 ἐφ-

65 3486 193 3557 ήρμωσεν
212 3487 276 3540 Vat.
350 3491 392 3540 27.
412 3484 539 3559 πέμπτῳ]
557 3485 592 3539 θ’
607 3485 642 3554 Ρς
661 3487 730 3540 mut,
749 3485 781 3538 in
798 3486 823 3538 e'
842 3503 883 3540 m.
899 3490 929 3540 l.
