2356 3818
124 125 192 188 210
540 125 730 178 APPENDIX.

126 271 190 355 ἀρα
217 277 276 352 τῆς
297 271 403 332 ΛΑΓ
424 265 479 332 καὶ
506 276 564 352 τῆς
586 271 653 332 ΑΒ
680 268 764 354 πρὸς
790 269 828 332 τὸ
854 266 921 332 ὑπὸ
950 277 1018 332 τῶν
1046 267 1137 330 ΒΑΓ

125 376 224 456 λόγος
247 371 316 438 ἐστὶ
339 374 464 457 όοθείς,
487 371 542 438 καί
565 381 626 438 τοῦ
649 371 702 449 δὶς
723 373 790 438 ὑπὸ
809 371 1066 459 συναμφοτέρου
1082 380 1131 455 τῆς

125 483 231 545 ΛΑΓ
247 476 303 544 καί
326 488 384 563 τῆς
402 482 469 543 ΑΒ
491 481 575 566 πρὸς
597 480 634 544 τὸ
657 479 723 544 ὑπὸ
746 490 814 544 τῶν
832 482 936 544 ΒΑΓ
953 481 1051 562 λόγος
1072 474 1129 542 {aaz

126 586 249 661 όοθείς.
281 593 342 649 τοῦ
365 581 402 649 δὲ
419 585 485 650 ὑπὸ
504 595 571 649 τῶν
585 589 687 650 ΒΑΓ
704 586 787 671 πρὸς
805 587 842 650 τὸ
857 588 961 650 ΒΑΓ
978 587 1128 671 τρίγωνον

78 703 109 768 4ό
128 695 227 774 λόγος
250 688 318 756 ἐστὶ
341 691 457 768 όοθείς
479 692 536 759 διὰ
558 692 595 756 τὸ
619 692 780 756 δοθεῖσαν
802 685 889 756 εἶναι
911 693 975 776 τὴν
991 691 1057 756 ὑπὸ
1072 699 1126 754 τῶν

126 801 227 863 ΒΑΓ
241 800 380 879 γωνίαν·
404 794 459 861 καί
477 805 537 861 τοῦ
554 795 607 874 ὃὶς
619 797 685 862 ὑπὸ
700 795 957 884 συναμφοτέρου
971 805 1030 882 τῆς
1041 795 1128 861 ΔΑΓ

125 901 181 968 καί
203 912 261 987 τῆς
283 906 351 967 ΑΒ
379 904 443 989 ἀρα
469 904 553 989 πρὸς
575 904 612 968 τὸ
636 906 741 967 ΑΒΓ
763 906 929 989 τρίγωνον
952 906 1050 987 λόγος
1071 897 1123 966 ἐστὶ

126 1010 250 1085 όοθείς.
885 1017 889 1024 “
1099 1019 1104 1028 “

193 1114 276 1179 ἀλλά
294 1115 336 1198 δὴ
357 1117 439 1178 έστω
459 1113 597 1197 ἀμβλεῖα
611 1114 631 1198 ἡ
645 1114 710 1179 ὑπὸ
725 1118 831 1198 ΒΑΓ,
850 1112 905 1179 καί
924 1114 1121 1199 έκβληθείσης

72 1233 107 1281 10
125 1229 183 1305 τῆς
207 1224 269 1284 BA
296 1221 392 1303 ἤχθω
420 1217 472 1284 ἐπ’
498 1219 603 1302 αὐτὴν
625 1219 766 1297 αάθετος
788 1221 809 1304 ἡ
834 1224 910 1304 ΓΕ,
938 1219 1119 1293 ααὶαείσθο

125 1335 165 1410 τῇ
193 1330 263 1389 ΑΕ
291 1331 345 1408 ἴση
373 1326 394 1409 ἡ
421 1330 497 1390 ΑΖ.
552 1323 621 1390 ἐπεὶ
648 1322 711 1392 οὖν
738 1326 877 1410 ἀμβλεῖα
905 1326 997 1392 ἐστιν
1027 1325 1119 1410 ἡὺιιὸ

125 1434 236 1495 ΒΑΓ
267 1434 387 1514 γωνία,
428 1429 483 1496 καί
521 1432 662 1508 κάθετος
698 1427 794 1515 ἦκται
829 1432 849 1516 ἡ
884 1436 965 1517 ΓΕ,
1005 1433 1044 1497 τό
1071 1433 1119 1515 ἀρι

126 1536 190 1601 ἀπὸ
222 1547 290 1601 τῶν
323 1541 403 1621 ΒΑ,
432 1540 507 1601 ΑΓ
537 1539 618 1621 μετὰ
649 1547 709 1602 τοῦ
742 1537 794 1615 ὃὶς
824 1539 890 1604 ὑπὸ
922 1550 990 1605 τῶν
1020 1541 1119 1618 ΒΑΒ,

126 1641 276 1708 τουτέστι
317 1651 377 1707 τοῦ
421 1641 474 1719 όὶς
514 1643 580 1708 ὑπὸ
616 1654 685 1708 τῶν
720 1648 845 1727 ΒΑΖ,
893 1651 949 1710 ίσα
988 1643 1055 1710 ἐστὶ
1085 1649 1118 1728 τῷ

74 1761 107 1810 15
126 1748 190 1814 ἀπὸ
222 1758 280 1833 τῆς
311 1753 340 1813 Β
352 1752 388 1813 Γ.
438 1751 552 1815 κοινὸν
584 1753 795 1836 προσκείσθω
827 1752 865 1816 τὸ
895 1748 949 1828 δὶς
978 1751 1042 1816 ὑπὸ
1069 1757 1119 1814 τῶν

125 1858 240 1920 ΒΑΓ·
281 1855 321 1918 τά
357 1856 421 1940 ἀρα
458 1854 522 1920 ἀπὸ
554 1866 621 1919 τῶν
653 1859 761 1920 ΒΑΓ
787 1857 868 1939 μετὰ
899 1865 960 1921 τοῦ
993 1854 1043 1933 ὃὶς
1069 1853 1119 1919 ὑτὸ

89 1947 93 1954 ’
125 1971 193 2026 τῶν
216 1963 326 2044 ΒΑΓ,
358 1958 507 2025 τουτέστι
529 1962 567 2025 τὸ
591 1960 654 2026 ἀπὸ
682 1959 938 2048 συναμφοτέρου
965 1969 1023 2046 τῆς
1043 1959 1124 2026 ΒΑΓ

55 2107 60 2117 ·
125 2067 205 2149 μετά
244 2075 305 2130 τοῦ
346 2063 399 2142 ὃὶς
438 2066 503 2130 ὑπὸ
543 2077 611 2131 τῶν
647 2070 753 2131 ΒΑΖ
797 2073 851 2132 ίσα
888 2066 959 2133 ἐστὶ
993 2076 1039 2156 τῷ
1071 2064 1120 2130 ἀτὸ

126 2180 184 2254 τῆς
219 2175 292 2236 ΒΓ
328 2172 408 2256 μετά
449 2180 509 2236 τοῦ
551 2169 603 2247 ὃὶς
639 2171 704 2237 ὑπὸ
741 2184 809 2238 τῶν
845 2176 959 2238 ΒΑΓ.
1026 2171 1122 2238 κοινὸν

73 2289 108 2339 20
127 2275 313 2363 ἀφῃρήσθω
342 2279 379 2342 τὸ
407 2275 460 2354 όὶς
486 2277 551 2342 ὑπὸ
579 2288 647 2342 τῶν
670 2283 780 2343 ΒΑΖ·
812 2280 850 2344 τὸ
878 2281 944 2366 ἀρα
971 2279 1034 2345 ἀπὸ
1060 2295 1122 2344 συν·

128 2381 319 2469 αμφοτέρου
346 2393 404 2468 τῆς
428 2387 529 2448 ΒΑΓ
555 2389 629 2448 ίσον
657 2382 726 2448 ἐστὶ
751 2394 798 2472 τῷ
827 2384 890 2450 ἀπὸ
916 2394 975 2470 τῆς
999 2389 1063 2450 ΒΓ
1080 2379 1124 2448 καὶ

126 2497 172 2576 τῷ
200 2486 252 2565 ὃὶς
283 2488 349 2553 ὑπὸ
381 2501 448 2554 τῶν
476 2493 557 2573 ΒΑ,
582 2493 655 2554 ΓΖ·
689 2491 772 2555 ὥστε
803 2492 840 2555 τὸ
873 2489 937 2569 ἀπὸ
970 2507 1124 2576 συναμφν

126 2593 224 2682 τέρον
254 2604 312 2679 τῆς
339 2598 441 2659 ΒΑΓ
466 2603 526 2659 τοῦ
554 2594 618 2660 ἀπὸ
650 2604 708 2680 τῆς
735 2599 803 2660 ΒΓ
827 2595 980 2683 ὑπερέχει
1011 2607 1056 2686 τῷ
1083 2590 1125 2668 δὶς

126 2700 191 2766 ὑπὸ
224 2712 291 2765 τῶν
319 2704 396 2785 ΒΑ,
421 2704 491 2765 ΓΖ.
541 2698 597 2765 καὶ
630 2698 699 2765 ἐπεὶ
731 2701 871 2766 ὃοθεϊσά
902 2701 994 2768 ἐστιν
1024 2702 1044 2786 ἡ
1071 2698 1124 2765 ὑπὸ

74 2819 109 2868 25
128 2810 230 2871 ΒΑΓ
255 2810 374 2890 γωνία,
406 2804 462 2870 καί
493 2805 513 2889 ἡ
545 2807 611 2871 ὑπὸ
639 2811 746 2872 ΕΑΓ
772 2809 836 2892 ἀρα
868 2808 1011 2874 όοθεῑσά
1041 2807 1124 2873 ἐστιν.

127 2911 211 2976 ἀλλά
233 2910 289 2976 καὶ
311 2911 331 2995 ἡ
354 2912 420 2977 ὑπὸ
445 2916 544 2977 ΓΕΑ
567 2913 719 2977 δοθεῖσα·
744 2911 800 2978 καὶ
823 2914 921 2998 λοιπὴ
945 2915 1011 3000 ἀρα
1032 2912 1052 2996 ἡ
1072 2908 1124 2976 ὑπὸ

200 3180 223 3228 1.
243 3173 299 3244 ἀρα
317 3183 367 3245 τῆς
385 3174 481 3245 ΔΑΓ]
504 3179 585 3228 ΛΑΓ
600 3173 656 3242 ἀρα
675 3174 702 3229 b.
775 3174 843 3245 τῶν]
861 3181 911 3243 τῆς
928 3174 957 3229 b.
1029 3179 1053 3230 λ.
1070 3169 1124 3226 Post

127 3243 226 3308 ὃοθείς
244 3246 308 3300 add.
328 3253 377 3300 τοῦ
398 3242 428 3299 δὲ
447 3244 503 3298 ὑπὸ
521 3253 570 3315 τῆς
584 3249 663 3299 ΒΑΓ
676 3245 747 3313 πρὸς
763 3245 795 3299 τὸ
812 3249 895 3299 ΑΒΓ
909 3243 1047 3316 τρίγωνον
1058 3241 1125 3311 λόγου

127 3315 184 3371 ἐστὶ
198 3314 298 3378 δοθείς
316 3316 343 3370 b.
406 3321 430 3369 3.
450 3315 505 3369 ὑπὸ
523 3325 579 3370 τῶν
593 3320 638 3369 ΒΑ
646 3317 687 3387 Γ]
706 3319 791 3370 ΑΒΓ
803 3313 942 3385 τρίγωνον
961 3317 989 3371 b.
1045 3321 1069 3370 4.
1084 3317 1124 3365 τοῦ

128 3418 160 3429 -
176 3392 200 3441 8.
216 3383 327 3458 δοθείς]
347 3378 368 3458 ᾧ
387 3384 443 3454 ἀρα
462 3385 555 3455 μεῖζόν
574 3385 679 3440 ἔστιτὸ
698 3386 755 3440 ἀπὸ
775 3385 990 3456 συναμφοτέρου
1006 3394 1053 3456 τῆς
1064 3381 1128 3439 ΒΑΓ

125 3465 176 3513 τοῦ
199 3457 259 3512 ἀπὸ
279 3465 329 3527 τῆς
353 3461 417 3527 ΒΓ,
446 3456 537 3512 έκεῖνο
564 3456 596 3510 τὸ
624 3454 726 3528 χορίον
751 3457 822 3525 πρὸς
843 3457 876 3512 τὸ
897 3463 984 3513 ΑΒΓ
1007 3454 1124 3527 τρίγωνον
