2356 3818
521 127 625 179 narn.
1034 125 1078 189 41.

532 287 619 353 XXI.

142 393 177 460 Si
201 396 282 460 duae
304 394 545 481 magnitudines
564 395 659 459 datae
678 398 754 458 sunt
777 398 810 458 et
829 394 1022 459 adiiciantur
1040 395 1084 459 iis

73 501 316 587 magnitudines
339 502 425 566 inter
444 523 477 566 se
495 501 657 566 rationem
674 500 832 565 habentes
851 501 969 585 datam,
992 506 1085 567 totae

69 607 158 672 inter
177 629 211 698 se
230 611 288 671 aut
305 607 465 673 rationem
478 607 646 672 habebunt
659 607 778 688 datam,
797 611 853 672 aut
868 608 979 692 altera,
991 625 1087 673 'oom-

69 718 190 800 parata
212 736 286 779 oum
309 713 419 799 altera,
442 713 518 779 data
540 712 645 778 maior
667 717 717 778 est
737 735 834 798 quam
856 713 891 777 in
913 711 1084 799 ratione.¹)

141 821 208 885 sint
226 820 307 885 duae
326 819 566 906 magnitudines
586 820 679 884 datae
698 823 774 904 ΑΒ,
789 822 858 905 ΓΔ,
881 822 914 883 et
933 818 1088 884 adiician-

69 931 125 992 tur
148 926 190 991 iis
208 927 448 1013 magnitudines
467 931 542 1011 ΑΕ,
560 929 621 990 ΓΖ
643 927 804 991 rationem
821 925 979 990 habentes
997 925 1088 992 inter

72 1055 106 1097 se
129 1033 247 1098 datam.
285 1033 367 1119 dico,
388 1036 476 1098 totas
499 1037 571 1109 ΕΒ,
591 1037 657 1097 ΖΔ
678 1033 763 1097 inter
786 1048 828 1097 se¹
844 1036 900 1097 aut
922 1032 1086 1098 rationem

73 1139 193 1205 habere
222 1140 345 1221 datam,
372 1144 428 1204 aut
456 1140 604 1224 alteram,
632 1144 853 1224 comparatam
876 1162 949 1204 oum
973 1140 1090 1226 altera,
1126 1120 1134 1139 ⁹

72 1246 149 1311 data
171 1246 328 1311 maiorem
352 1267 421 1310 esse
446 1267 542 1329 quam
564 1246 599 1309 in
621 1246 756 1312 ratione.

138 1374 216 1416 nam
236 1352 389 1429 quoniam
406 1357 543 1435 utraque
562 1353 751 1439 magnitudo
766 1358 841 1436 ΑΒ,
856 1357 916 1419 ΓΔ
935 1336 1011 1418 data
1025 1356 1091 1436 est?

70 1458 136 1522 orit
159 1456 244 1521 ratio
267 1459 333 1520 AB
348 1479 355 1519 ε
371 1458 432 1521 ΓΔ
454 1457 530 1522 data
554 1454 656 1544 [prop.
675 1454 714 1544 l].

136 1563 222 1629 etsi
245 1563 356 1627 eadem
381 1567 431 1627 est
450 1585 486 1628 ao
503 1563 588 1628 ratio
605 1568 693 1628 AE:
706 1566 776 1647 ΓΖ,
800 1565 862 1628 erit
881 1566 980 1630 etiam
998 1565 1085 1629 ratio

67 1670 174 1736 totius
197 1673 260 1734 ΕΒ
284 1669 361 1734 adt
347 1673 452 1734 totam
476 1674 537 1735 ΖΔ
559 1670 636 1734 data
601 1667 712 1757 tw,
733 1671 790 1755 123
812 1669 873 1734 def
893 1667 991 1767 2].

779 1776 830 1840 sin
865 1777 989 1863 minus,
1024 1777 1088 1842 fiat

69 1847 660 1952 L—{L-A-t
710 1829 1002 1948 Ar.rz=A1i·
1014 1886 1087 1947 ΓΛ

67 2011 96 2061 Δ
343 2007 370 2056 Γ
563 2006 584 2056 Ζ
708 1988 819 2073 itaque
831 2011 867 2052 ra
868 1994 915 2054 10
927 1993 1011 2055 HA
1022 1993 1084 2055 ΓΛ

75 2074 571 2141 -μ-μ-Ἰ
709 2094 785 2159 data
799 2100 849 2159 est
864 2095 939 2180 [def.
951 2095 995 2180 2].
1027 2097 1086 2161 sed

73 2207 151 2270 data
178 2209 229 2268 est
255 2204 445 2290 magnitudo
470 2205 538 2266 ΓΛ.
585 2202 661 2265 data
688 2207 738 2266 est
764 2201 867 2286 igitur
892 2201 991 2267 etiam
1013 2207 1089 2268 HA

76 2317 182 2397 [prop.
201 2311 258 2392 11].
305 2332 418 2374 uerum
442 2309 540 2373 etiam
563 2311 629 2372 AB
658 2307 734 2372 data
761 2312 819 2372 est.
866 2330 964 2393 quare
987 2309 1089 2373 etiam

72 2418 201 2501 reliqua
223 2421 291 2481 ΗΒ
315 2417 390 2480 data
413 2419 463 2480 est
486 2413 590 2499 [prop.
609 2412 680 2498 IV}
727 2418 760 2478 et
782 2414 935 2499 quoniam

270 2523 272 2527 ’
370 2522 790 2605 ΕΑεΖΓπΛΗεΓΔ,

73 2631 177 2696 etiam
199 2629 283 2695 ratio
307 2629 410 2694 totius
429 2631 503 2692 ΕΗ
522 2628 562 2692 ad
584 2631 689 2692 totam
709 2630 774 2691 ΖΔ
797 2626 872 2689 data
891 2629 941 2689 est
959 2621 1012 2711 W,
1032 2626 1095 2710 123.

74 2737 139 2803 def.
150 2734 193 2824 2].
221 2741 254 2801 et
268 2736 344 2801 data
357 2739 407 2799 est
421 2734 610 2820 magnitudo
621 2736 698 2797 ΗΒ.
722 2753 799 2818 ergo
814 2731 1004 2817 magnitudo
1015 2736 1094 2818 ΕΒ,

75 2847 266 2929 comparata
289 2864 362 2907 oum
386 2846 461 2925 ΖΔ,
488 2841 563 2904 data
585 2838 689 2905 maior
712 2843 761 2902 est
785 2859 882 2921 quam
903 2837 939 2901 in
961 2838 1093 2904 ratione

71 2950 150 3032 [uer.
171 2951 236 3031 11].
528 3017 624 3082 ΧΧΠ

144 3125 180 3192 si
208 3127 288 3191 duae
321 3124 560 3212 magnitudines
594 3123 634 3187 ad
662 3122 804 3206 aliquam
831 3123 1089 3209 magnitudinem

72 3235 239 3302 rationem
258 3232 379 3297 habent
402 3226 527 3315 datamp
552 3230 650 3294 etiam
672 3233 809 3315 utraque
833 3229 930 3294 simul
953 3230 992 3293 ad
1016 3252 1090 3294 ean·

73 3344 152 3408 dem
175 3340 336 3404 rationem
357 3337 492 3433 habebit
514 3336 630 3423 datam.

140 3482 168 3549 1)
183 3496 209 3535 u.
225 3495 304 3548 prop.
313 3476 383 3532 XIV.
419 3475 452 3530 In
461 3475 506 3547 fig.
519 3474 609 3532 eodv
624 3475 743 3533 litterae
761 3479 796 3546 Γ,
805 3478 831 3530 z
842 3463 1133 3544 permutatam.
