2356 3818
268 803 733 884 DEMONSTRAOEIONES
760 801 998 877 ALTERAE.

618 999 644 1060 1.

495 1119 546 1184 Ad
568 1141 659 1204 prop.
681 1118 768 1184 XIX.

478 1261 624 1340 ’Ἄλλως
645 1264 687 1327 τὸ
711 1259 773 1327 ιθ’.

91 1395 108 1443 5
192 1388 349 1452 Λννατὸν
372 1385 411 1451 δέ
432 1386 500 1451 ἐστι
522 1385 577 1451 καὶ
599 1386 713 1462 οὕτως.
750 1389 831 1451 ἔστω
855 1387 930 1470 τρία
947 1381 1066 1468 μεγέθη
1081 1380 1110 1444 τὰ

126 1498 159 1557 A
164 1496 203 1576 Β,
223 1495 259 1576 Γ,
277 1498 320 1577 A,
342 1491 398 1557 καὶ
416 1495 452 1558 τὸ
471 1490 531 1577 μὲν
549 1497 615 1557 ΑΒ
635 1501 696 1557 τοῦ
715 1495 748 1558 Γ
764 1488 901 1557 δοθέντι
918 1493 1028 1576 μεῖζον
1044 1490 1108 1553 έσττ

87 1640 90 1647 ·
126 1597 146 1682 ἢ
170 1597 206 1663 ἐν
229 1601 325 1686 λόγῳ,
348 1600 385 1662 τὸ
409 1594 445 1662 δὲ
465 1601 497 1663 Γ
514 1607 574 1663 τοῦ
592 1604 625 1662 A
648 1595 783 1663 δοθέντι
806 1600 916 1681 μεῖζον
933 1595 955 1680 ἣ
974 1596 1010 1662 έν
1027 1597 1107 1680 λόγῳ

55 1766 59 1771 .
126 1703 224 1788 λέγω,
252 1705 302 1770 ὅτι
328 1703 384 1770 καὶ
406 1706 442 1770 τὸ
466 1709 532 1769 ΑΒ
560 1713 619 1769 τοῦ
641 1710 675 1770 A
702 1702 839 1769 δοθέντι
864 1705 975 1788 μεῖζόν
996 1695 1107 1778 έστινῆ

127 1809 162 1875 ἐν
187 1813 284 1898 λόγῳ.

75 1927 109 1976 10
194 1915 263 1981 ἐπεὶ
287 1917 349 2002 γὰρ
371 1918 408 1982 τὸ
431 1921 498 1981 ΑΒ
521 1925 580 1982 τοῦ
600 1920 632 1981 Γ
651 1914 786 1982 δοθέντι
808 1918 918 2000 μεῖζόν
941 1915 1029 1980 έστιν
1048 1908 1106 1996 ἢέν
1143 1920 1146 1925 “

126 2024 227 2109 λόγῳ,
260 2021 445 2108 ἀφῃρήσθω
474 2025 509 2088 τὸ
538 2019 640 2088 δοθὲν
667 2020 808 2107 μέγεθος
833 2023 870 2086 τὸ
894 2026 977 2086 ΑΕ·
1008 2022 1105 2085 λοιτιοῦ

126 2128 189 2212 ἄρα
213 2136 272 2192 τοῦ
294 2133 357 2193 ΕΒ
383 2132 466 2215 πρὸς
488 2131 524 2194 τὸ
550 2132 582 2193 Γ
603 2131 700 2211 λόγος
726 2127 796 2194 ἐστὶ
823 2129 950 2204 δοθείς·
982 2128 1018 2193 τὸ
1039 2121 1110 2190 δέΓ

125 2242 185 2297 τοῦ
208 2238 241 2296 A
269 2232 404 2299 δοθέντι
431 2238 540 2319 μεῖζόν
568 2234 658 2300 ἐστιν
684 2233 705 2318 ἣ
734 2233 770 2299 ἐν
792 2236 893 2321 λόγῳ·
924 2231 981 2298 καὶ
1001 2229 1105 2298 MR

126 2341 190 2426 ἄρα
208 2347 267 2404 τοῦ
281 2347 314 2404 A
332 2340 467 2406 δοθέντι
486 2344 595 2426 μεῖζόν
614 2340 704 2406 ἐστιν
722 2339 793 2423 ἢέν
806 2341 904 2427 λόγῳ.
940 2337 1105 2424 ἀφῃρήσθω

74 2456 107 2505 15
127 2440 189 2512 οὖν
215 2447 251 2510 τὸ
280 2444 383 2513 δοθέν
409 2446 548 2532 μέγεθος
574 2448 611 2512 τὸ
638 2450 714 2511 ΕΖ·
746 2451 864 2511 λοιποῦ
892 2446 956 2530 ἄρα
982 2451 1039 2509 τοῦ
1059 2440 1105 2506 Ζδ

125 2553 208 2638 πρὸς
229 2554 266 2618 τὸ
285 2559 318 2617 A
340 2556 437 2636 λόγος
460 2552 528 2618 ἐστὶ
552 2554 674 2629 δοθείς.
710 2555 768 2616 καί
784 2551 852 2616 ἐστι
872 2547 976 2616 δοθὲν
990 2551 1027 2615 τὸ
1043 2548 1104 2612 ΑΖ·

125 2659 162 2723 τὸ
186 2663 251 2723 ΑΒ
275 2661 338 2745 ἄρα
360 2668 420 2725 τοῦ
443 2666 476 2724 A
499 2658 635 2725 δοθέντι
657 2660 766 2743 μεῖζόν
788 2657 879 2722 ἐστιν
900 2655 922 2740 ἣ
945 2655 981 2722 ἐν
1003 2657 1086 2741 λόγῳ.

196 2924 219 2974 1.
240 2919 298 2977 Om.
318 2938 343 2976 a.

125 3063 335 3072 ..-—--—*-.--

195 3176 219 3224 4.
240 3168 326 3232 ἄλλως
343 3168 374 3223 τὸ
394 3169 451 3241 νθ’]
470 3187 525 3238 mg.
545 3188 580 3224 m.
597 3175 610 3222 1
630 3169 704 3237 vat„
722 3169 754 3224 τὸ
773 3169 818 3223 ιθ’
835 3185 887 3222 om.
902 3184 927 3221 v.
995 3169 1017 3218 5.
1036 3162 1104 3215 δννιτ

124 3241 173 3297 τόν
188 3273 221 3281 -
236 3238 333 3311 οὗτος]
353 3255 404 3295 om.
415 3240 511 3294 Vama
577 3239 655 3312 ἔστω]
676 3239 748 3296 ἔστιν
766 3238 796 3294 P.
859 3244 881 3294 ⁷.
902 3235 992 3307 μεῖζόν
1006 3233 1071 3288 ἐστιν
1080 3227 1103 3282 P·

160 3317 201 3367 13.
221 3308 270 3365 ταί
283 3342 316 3352 -
333 3316 373 3364 14.
392 3311 475 3386 λόγῳ]
493 3328 549 3380 mg.
564 3330 599 3365 m.
615 3318 630 3365 2
645 3329 670 3365 v.
733 3317 774 3366 16.
794 3307 866 3383 ἐστί]
885 3305 958 3364 ἐστίν
975 3325 999 3362 v.
1049 3297 1102 3369 ἐστι]

124 3383 199 3439 ἐστιν
216 3400 241 3453 v,
262 3381 317 3438 sed.
338 3399 443 3439 veras.
517 3387 557 3436 17.
578 3381 664 3454 ἐστιν]
682 3399 734 3436 om.
753 3382 827 3452 Vat.¹
853 3399 940 3452 comp.
960 3382 1020 3437 add.
1037 3394 1068 3431 m.
1083 3378 1100 3427 λ·
