2356 3818
440 93 719 169 PROLEGOMENA.
801 81 802 85 Ν
999 117 1085 172 xcix

69 255 204 328 periatur,
219 273 273 326 quo
284 255 406 310 Theonis
419 256 544 311 recensio
554 254 649 326 purior
663 258 692 310 et
702 256 888 329 incorruptior
898 259 1083 328 contineatur,

70 341 105 392 ut
121 336 217 391 uerius
236 337 271 390 de
290 353 323 392 eo
341 335 468 470 {udicare
485 336 632 406 possimus.

143 416 199 470 Sed
221 415 280 470 iam
304 433 370 471 ane
392 417 534 471 Theonem
556 415 738 471 manifestum
760 421 804 473 est
827 419 963 473 Datomm
980 419 1085 474 librum

69 495 170 551 multis
188 495 258 549 locis
284 498 313 550 et
335 496 476 550 erroribus
500 496 685 565 deprauatum
709 499 737 552 et
759 497 1023 569 interpolationibus
1043 500 1084 553 in·

69 576 221 645 quinatum
245 591 312 629 esse.
358 576 524 631 documento
548 576 614 628 sunt
637 576 709 630 uitia
727 576 796 646 ista,
823 595 895 646 quae
918 596 1002 650 supra
1025 578 1085 633 dixi

70 655 199 710 omnium
218 655 347 709 codicum
366 655 600 710 communicasse
618 672 748 725 quaeque
761 675 796 712 ne
811 675 829 712 a
843 658 956 712 Theone
970 659 1084 727 quidem

68 737 198 790 correcta
222 753 283 791 esse
307 736 438 792 uidimus.
485 737 570 804 atque
594 753 658 790 cum
676 737 751 791 Data
774 737 835 792 sine
858 736 944 792 dubio
968 738 1025 792 iam
1047 738 1083 792 ab

69 815 156 870 initio
170 816 201 870 in
215 816 319 871 scholis
333 818 531 885 tractarentur,
546 816 685 887 magistri,
700 822 733 872 ut
748 817 886 886 solebant,
901 835 952 872 sua
966 819 1084 887 quisque

70 895 294 953 inculcauerunt.
337 895 504 967 Apollonius
527 896 641 964 quidem
665 900 722 952 tres
746 897 812 952 illas
835 898 1012 953 definitiones
1035 899 1084 952 ad-

69 976 178 1031 didisse
196 977 339 1047 putandus
359 979 416 1046 est,
441 993 513 1045 quae
532 976 619 1047 uulgo
639 981 705 1032 sunt
724 978 834 1032 decima
852 978 950 1047 tertia,
974 980 1083 1047 quarta,

71 1055 173 1125 quinta
186 1074 313 1125 quasque
328 1058 364 1112 ad
379 1075 444 1112 eum
458 1057 612 1112 scholiasta
625 1058 716 1113 tradit
729 1057 839 1126 referri3
858 1075 884 1113 u.
901 1058 985 1114 schol.
997 1075 1039 1114 nr.
1050 1062 1083 1110 13

72 1140 102 1190 et
120 1136 168 1191 cfr.
187 1153 252 1207 app.
272 1138 357 1194 schol.
377 1157 419 1193 nr.
439 1143 481 1192 32.
524 1154 596 1205 quae
621 1137 797 1192 definitiones
821 1155 885 1192 cum
906 1138 936 1192 in
955 1138 1084 1191 omnibus

71 1215 217 1270 codicibus
231 1216 369 1286 legantur,
388 1216 534 1287 Apollonii
552 1219 695 1288 exemplar
712 1235 808 1274 eorum
820 1217 876 1272 fuit
890 1219 972 1286 quasi
986 1219 1083 1273 arche-

70 1298 172 1364 typum
180 1297 207 1364 ¹).
236 1297 490 1352 demonstrationes
505 1299 599 1351 autem
614 1298 719 1352 alteras
736 1297 885 1367 quominus
900 1297 1013 1352 Euclidi
1028 1297 1084 1368 ipsi

68 1374 209 1445 tribuam,
233 1392 298 1430 cum
321 1394 423 1433 causae
446 1376 502 1432 uol.
517 1376 543 1430 V
560 1396 587 1447 p.
602 1377 715 1431 LXXIX
738 1378 773 1432 de
791 1377 944 1432 Elementis
969 1378 1083 1432 adlatae

70 1455 189 1509 obstant
206 1458 268 1515 tum
286 1455 371 1526 illud,
396 1458 473 1526 quod
496 1473 592 1511 earum
616 1457 645 1511 et
664 1456 754 1511 oratio
775 1459 805 1510 et
824 1473 913 1510 sermo
933 1474 950 1510 a
968 1473 1082 1511 consue-

69 1534 170 1588 tudine
188 1535 325 1590 Euclidea
342 1554 399 1591 non
416 1536 514 1607 paucis
533 1536 603 1591 locis
623 1536 772 1605 discrepat.

144 1614 195 1667 His
209 1615 393 1686 amplioribus
408 1614 673 1684 interpolationibus
690 1631 725 1669 ea
739 1614 935 1668 additamenta
954 1614 1084 1668 breuiora

73 1692 211 1762 adiungo,
235 1711 308 1763 quae
326 1695 453 1749 Euclidis
471 1693 565 1747 uerbis
590 1697 656 1748 ante
675 1694 819 1748 Thoonem
836 1693 1004 1763 interposita
1023 1710 1083 1748 esse

73 1773 233 1829 statuerim:
259 1794 286 1845 p.
302 1781 336 1829 86
356 1775 443 1829 uerba
466 1773 515 1828 lin.
531 1778 565 1826 10
584 1769 698 1827 ἐπεί-
718 1779 751 1827 12
771 1775 870 1835 δοθείς
890 1773 1011 1826 molesta
1034 1773 1083 1826 ad·
1147 1824 1149 1828 .

71 1853 188 1906 modum
206 1857 270 1908 sunt
289 1857 318 1909 et
335 1855 365 1909 id
383 1871 472 1925 genus
491 1852 666 1923 repetitionis
685 1853 722 1907 ab
737 1852 863 1907 Euclidis
882 1853 1082 1906 consuetudine

71 1933 214 1988 abhorret.
250 1953 278 2005 p.
294 1940 336 2004 90,
353 1941 385 1988 12
410 1931 562 2004 ἐπειδήπερ
587 1934 643 1988 ἀπὸ
662 1941 710 2002 τῆς
729 1935 815 2003 αὐτῆς
834 1934 949 1996 εὐθείας
966 1939 1015 2002 τῆς
1033 1937 1083 1986 ΑΖ

71 2010 285 2082 ἀναγέγραπται
298 2013 356 2067 iam
369 2016 484 2084 propter
499 2009 650 2085 ἐπειδήπερ
664 2013 744 2083 illud,
764 2030 819 2083 quo
834 2013 1003 2084 glossatores
1018 2030 1083 2068 cau·

72 2108 133 2145 sam
147 2092 274 2146 addituri
289 2110 303 2148 a
319 2093 529 2148 mathematicis
544 2094 677 2148 omissam
690 2094 734 2147 uti
748 2093 847 2161 solent,
868 2092 937 2146 satis
952 2096 1082 2163 suspecta

75 2175 153 2240 sunt;
172 2189 288 2226 causam
302 2173 326 2227 si
340 2174 472 2228 Euclides
488 2173 591 2228 addere
605 2173 750 2243 uoluisset,
770 2173 830 2227 sine
844 2171 939 2241 dubio,
956 2175 988 2225 ut
1002 2174 1082 2242 solet,

73 2251 274 2322 praemisisset.
302 2259 517 2324 ρ,124,14-15
536 2271 646 2322 quoque
661 2254 887 2309 additamentum
901 2249 1015 2306 δέδοται
1028 2255 1081 2322 γὰρ

71 2332 90 2400 ἡ
113 2333 169 2386 ὑπὸ
193 2337 276 2387 ΒΑΓ
300 2334 466 2404 glossatoris
494 2349 608 2402 operam
631 2333 672 2388 ita
697 2333 819 2403 redolet,
846 2333 878 2386 ut
902 2331 973 2386 haec
995 2333 1083 2386 uerba

71 2411 184 2466 Euclidi
201 2412 289 2468 tribui
307 2416 456 2484 nequeant.
491 2429 582 2482 neque
601 2412 684 2467 aliter
702 2414 796 2468 iudico
817 2414 851 2467 de
868 2430 895 2482 p.
912 2417 972 2480 126,
988 2417 1013 2481 3,
1032 2412 1083 2467 ubi

71 2491 122 2545 uix
140 2490 290 2560 quisquam
308 2492 539 2563 interpolatorem
556 2492 674 2562 negabit
692 2492 862 2547 scholiastae
876 2507 990 2545 munere
1004 2491 1082 2545 funo-

70 2575 134 2626 tum
153 2590 221 2630 esse.
258 2573 335 2627 idem
358 2572 414 2627 dici
437 2589 505 2627 sane
527 2572 595 2628 licet
617 2574 651 2627 de
674 2593 704 2644 p.
718 2580 778 2642 112,
794 2577 897 2626 15-16
922 2571 996 2641 ὀρθὴ
1019 2573 1080 2642 γάρ.

71 2655 157 2722 atque
176 2672 203 2723 p.
216 2658 319 2722 186,12
339 2648 457 2723 ἑκατέρα
476 2649 536 2722 ἄρα’
546 2662 600 2706 τῶν
616 2657 679 2722 ΗΖ,
694 2658 753 2716 ΗΔ
772 2651 891 2706 δοθεΐσοὲ
906 2650 979 2705 ἐστιν
997 2650 1082 2721 plane

70 2732 224 2800 inutiliter,
247 2750 283 2788 ne
302 2732 395 2788 dicam
413 2733 509 2803 inepte
528 2733 627 2787 addita
646 2736 718 2788 sunt.
756 2752 782 2803 p.
799 2736 859 2800 220,
875 2735 961 2785 8—10
980 2730 1013 2799 is,
1032 2731 1082 2800 qui

70 2811 340 2866 demonstrationem
350 2812 469 2867 alteram
479 2812 566 2881 dedit,
581 2815 613 2866 ut
623 2830 696 2867 nunc
706 2812 776 2866 mihi
785 2810 921 2881 persuasi,
937 2809 1024 2864 etiam
1033 2810 1091 2874 ιιοιὶΙ

69 2888 206 2945 συνθέντι
216 2891 271 2961 ἄρα
280 2900 329 2946 τοῦ
342 2898 368 2946 Δ
377 2925 411 2932 -
422 2892 502 2962 λόγος
511 2888 568 2946 ἐστὶ
578 2895 676 2954 δοθείς
691 2891 811 2961 scripsit,
826 2892 911 2959 atque
921 2889 992 2944 line
1003 2889 1082 2960 λόγος

70 2973 139 3026 ante
157 2970 311 3040 Theonem,
335 2990 418 3042 quem
436 2972 538 3027 uitium
555 2971 642 3042 fugit,
666 2971 777 3025 librarii
800 2986 892 3025 errore
909 2969 1082 3025 inculcatum

70 3055 123 3107 est.
161 3073 188 3123 p.
205 3058 263 3120 150,
279 3057 382 3105 21-22
408 3050 519 3107 ἔστιδὲ
538 3052 586 3105 καὶ
605 3051 780 3122 ὀρθογώνιον
801 3065 883 3105 nemo
902 3050 1014 3106 Euclidi
1032 3052 1081 3106 ad·

69 3131 210 3200 signabit;
233 3133 327 3184 utrum
346 3133 411 3186 ante
429 3131 572 3186 'Phaonem
596 3148 633 3185 an
656 3133 720 3201 post
738 3147 803 3185 eum
825 3130 998 3200 interpolata
1017 3131 1081 3200 sint,

146 3310 172 3379 1)
186 3308 367 3379 Apollonium
382 3304 412 3362 ἕν
422 3315 459 3380 τῷ
470 3309 534 3378 περὶ
545 3309 665 3364 νεύσεσιν
681 3311 709 3364 et
724 3304 754 3363 ἐν
766 3317 799 3380 τῇ
814 3307 940 3362 ναθόλον
953 3328 1082 3378 πραγμα-

69 3377 145 3445 τεία,
169 3379 218 3448 qui
240 3379 307 3435 libri
328 3379 484 3450 perierunt,
508 3380 700 3435 definitionem
725 3389 773 3434 τοῦ
793 3378 947 3448 δεδομένον
971 3379 1082 3434 dedisse

69 3434 194 3506 testatur
212 3451 337 3505 Marinus
355 3469 381 3520 p.
397 3457 457 3520 234,
474 3456 507 3504 15
517 3470 557 3520 sq.

124 3550 276 3602 nutrices,
290 3551 339 3591 ιιι.
354 3544 457 3600 Hsib'srg
471 3555 494 3590 ιι
507 3551 596 3600 mange.
615 3551 655 3590 vr.
904 3537 927 3588 d
946 3589 949 3592 .
