2356 3818
125 124 189 188 154
526 125 733 180 Δοαοιιααι.
900 78 903 83 ’
1144 40 1150 191 ί

123 273 224 333 ΒΑΓ
245 269 351 353 γωνίᾳ
375 273 428 350 ἴση
454 265 474 348 ἡ
498 266 563 331 ὑπὸ
583 277 652 332 τῶν
669 272 783 351 ΗΘΛ,
809 266 867 334 καὶ
890 268 1101 354 ἐπεζεύχθωσαν
1146 194 1150 325 δ

123 377 160 439 αί
182 378 252 457 ΖΛ,
272 377 353 457 AH,
375 371 431 438 καὶ
454 374 549 456 ἤχθω
574 373 716 452 κάθετος
737 373 758 457 ἡ
782 379 867 441 AM.
1148 368 1150 391 ²

189 478 258 545 ἐπεὶ
283 486 337 562 ἴση
361 478 451 544 ἐστὶν
470 479 490 563 ἡ
509 479 574 545 ὑπὸ
594 490 661 545 τῶν
676 485 773 546 ΒΑΔ
796 489 835 566 τῇ
853 481 920 547 ὑπὸ
938 493 1004 547 τῶν
1016 479 1102 558 ΑΘΗ,

122 591 191 652 ἔστι
215 583 329 651 δὲκαὶ
352 585 372 668 ἡ
395 586 461 650 ὑπὸ
484 596 552 651 τῶν
577 590 683 653 ΘΛΗ
705 597 745 672 ,τῇ
767 587 833 653 ὑπὸ
857 592 967 654 ΑΒΓ
983 594 1045 671 ἴση,
1067 580 1104 649 ιαῑ

89 703 105 751 5
126 695 223 777 λοιπὴ
247 695 312 778 ἄρα
334 692 354 775 ἡ
377 692 443 757 ὑπὸ
466 703 534 756 τῶν
554 696 651 757 ΒΓΑ
673 697 772 779 λοιπῇ
795 680 835 779 τῇ
858 693 925 760 ὑπὸ
949 705 1014 759 τῶν
1032 691 1104 758 ΘΗΛ
1147 704 1150 715 ·

122 799 211 865 ἐστιν
232 806 300 882 ἴση·
325 799 441 895 ὅμοιον
460 800 525 883 ἄρα
539 796 608 863 ἐστὶ
627 800 665 865 τὸ
678 803 743 864 BA
749 803 782 865 Γ
794 802 961 886 τρίγωνον
974 810 1017 888 τῷ
1033 797 1105 864 ΘΗΛ

120 908 281 993 τριγώνῳ.
336 902 391 969 καὶ
423 905 560 969 κάθετοι
592 903 732 989 ἠγμέναι
764 904 850 971 είσὶν
882 908 920 972 αί
946 911 1020 990 BA,
1040 904 1105 970 AM·

123 1016 213 1077 ἔστιν
236 1014 300 1097 ἄρα
324 1011 369 1086 ὡς
391 1010 459 1093 BA
466 1014 498 1074 Γ
515 1011 598 1096 πρὸς
616 1012 677 1094 τὴν
693 1016 766 1095 ΒΔ,
791 1011 898 1088 οὕτως
921 1011 941 1094 ἡ
964 1016 1033 1077 ΘΗ
1048 1010 1106 1096 σμὸς

120 1120 181 1201 τὴν
204 1123 295 1183 AM·
329 1111 370 1199 ἦν
399 1115 450 1199 δέ,
480 1117 524 1192 ὡς
551 1117 571 1200 ἡ
595 1120 666 1180 ΑΓ
687 1117 770 1203 πρὸς
793 1119 854 1201 τὴν
877 1122 956 1202 BA,
988 1112 1107 1195 οὕτωςδ

67 1233 101 1280 10
123 1227 195 1288 ΘΗ
213 1225 296 1308 πρὸς
315 1224 375 1305 τὴν
396 1226 476 1286 ΖΚ·
500 1222 671 1287 ὑπόκειται
694 1223 770 1309 γοίρ·
793 1221 850 1288 καὶ
873 1223 920 1300 ὡς
943 1225 1006 1310 ἄρα
1023 1223 1043 1307 ἡ
1060 1221 1110 1287 ΘΗ

119 1331 202 1415 πρὸς
225 1331 286 1412 τὴν
310 1332 399 1411 AM,
423 1328 529 1405 οὕτως
552 1329 572 1412 ἡ
599 1332 673 1392 ΘΗ
690 1330 774 1415 πρὸς
796 1331 858 1412 τὴν
883 1333 963 1394 ΖΚ·
993 1336 1043 1413 ἴση
1062 1330 1109 1412 ἄρα

119 1433 210 1500 ἐστὶν
232 1435 253 1518 ἡ
278 1438 346 1498 ΖΚ
366 1445 405 1520 τῇ
430 1438 520 1499 AM·
554 1438 623 1499 ἔστι
647 1431 684 1498 δέ
706 1433 761 1499 καὶ
783 1436 1007 1523 παράλληλος·
1033 1430 1109 1514 ααδιὶ

119 1545 179 1606 ZA
203 1543 266 1627 ἄρα
290 1551 329 1626 τῇ
355 1545 428 1605 ΘΗ
449 1541 659 1627 παράλληλός
686 1540 788 1606 ἐστιν·
823 1547 879 1625 ἴση
907 1544 973 1629 ἄρα
1000 1536 1109 1619 ἐσιῖνδ

71 1664 74 1671 ’
116 1647 182 1712 ὑπὸ
205 1659 272 1712 τῶν
292 1651 388 1711 ZAB
410 1650 516 1729 γωνία
538 1658 577 1732 τῇ
601 1647 666 1711 ὑπὸ
690 1657 758 1712 τῶν
779 1651 895 1712 ΑΘΗ.
936 1641 1111 1732 &Bw

66 1761 99 1808 15
117 1753 182 1818 ὑπὸ
212 1765 280 1818 τῶν
303 1757 414 1817 ΑΘΗ
441 1763 480 1839 τῇ
508 1752 573 1817 ὑπὸ
600 1763 668 1817 τῶν
696 1757 797 1817 ΒΑΓ
824 1753 915 1819 ἐστιν
946 1761 1014 1838 ἴση·
1044 1744 1111 1837 ηδδ

116 1859 182 1924 ὑπὸ
207 1863 305 1923 ZAB
332 1870 371 1944 τῇ
398 1859 463 1923 ὑπὸ
492 1869 559 1923 τῶν
584 1862 689 1922 ΖΗΘ
716 1858 807 1924 ἐστιν
836 1865 904 1944 ἴση·
939 1859 995 1925 ιιαῖ
1020 1854 1111 1943 mab

117 1977 184 2031 τῶν
207 1968 308 2030 ΒΑΓ
326 1966 390 2050 ἄρα
413 1975 452 2049 τῇ
475 1964 540 2028 ὑπὸ
564 1975 632 2029 τῶν
656 1969 761 2029 ΖΗΘ
783 1964 874 2030 ἐστιν
898 1971 963 2050 ἴση.
1004 1954 1114 2031 ἔστιδὲ

116 2071 171 2136 καὶ
194 2071 214 2154 ἡ
238 2071 303 2135 ὑπὸ
329 2080 396 2134 τῶν
419 2074 525 2134 ΑΒΓ
545 2080 585 2155 τῇ
612 2070 678 2135 ὑπὸ
706 2082 774 2134 τῶν
800 2075 909 2135 ΘΖΗ
933 2078 1001 2156 ἴση·
1032 2065 1114 2145 mm>

117 2179 181 2262 ἄρα
204 2176 224 2260 η
247 2176 312 2240 ὑπὸ
335 2186 403 2240 τῶν
426 2180 521 2240 ΒΓΑ
544 2182 641 2261 λοιπῇ
665 2186 704 2262 τῇ
727 2176 793 2242 ὑπὸ
817 2187 888 2242 τῶν
913 2181 1022 2243 ΖΘΗ
1039 2175 1116 2242 ἐστιν

67 2289 99 2337 20
119 2289 186 2366 ἴση·
211 2283 388 2364 ἰσογώνιον
411 2283 475 2367 ἄρα
499 2280 567 2345 ἐστὶ
590 2283 628 2346 τὸ
648 2285 754 2346 ΑΒΓ
770 2285 937 2369 τρίγωνον
960 2294 1005 2371 τῷ
1025 2273 1125 2347 ZBI

118 2389 279 2475 τριγώνῳ.

599 2510 645 2575 π’.

179 2635 255 2702 Έδιν
277 2639 443 2722 τρίγωνον
465 2637 545 2717 μίαν
568 2638 624 2719 ἔχη
648 2638 775 2717 γωνίαν
797 2634 991 2719 δεδομένην,
1012 2630 1061 2699 ιιαὶ
1077 2624 1123 2690 τὸ

117 2743 182 2807 ὑπὸ
205 2753 273 2807 τῶν
296 2743 358 2825 τὴν
381 2738 563 2823 δεδομένην
587 2744 714 2822 γωνίαν
736 2752 964 2827 περιεχουσῶν
986 2741 1123 2807 εὐθειῶν

67 2853 97 2903 26
115 2851 198 2934 πρὸς
225 2850 262 2912 τὸ
291 2847 354 2911 ἀπὸ
383 2856 440 2930 της
467 2851 584 2929 λοισιης
612 2852 757 2932 πλευρᾶς
785 2847 996 2932 τετράγωνον
1025 2847 1122 2925 λόγον

115 2956 171 3037 ἔχη
195 2950 384 3034 δεδομένον,
408 2950 592 3017 δέδοται
562 2976 599 3016 ιο
624 2956 789 3039 τρίγωνον
812 2976 858 3018 τω
882 2954 972 3019 εἴδει.

182 3061 263 3122 ἔστω
292 3060 456 3142 τρίγωνον
482 3058 520 3123 τὸ
551 3062 656 3122 ΑΒΓ
683 3058 866 3143 δεδομένην
899 3061 976 3143 ἔχον
1002 3053 1120 3141 γωνίαν

119 3290 124 3296 .
188 3245 450 3322 ιγᾳῃωαηοηιο
510 3249 660 3318 ηοωα
722 3250 935 3320 moab.
1007 3229 1116 3302 σαί]

115 3304 365 3374 ιαιεπεῖαίιῃι
458 3319 705 3389 mmm
792 3311 1111 3429 ΛοΗ]Λοο.4

116 3389 224 3444 έστι-
244 3388 420 3460 ίση.]οιωί).
512 3389 791 3459 5..ΒΓΑ]ΒΓΔΒ
880 3377 1109 3461 ememb-

150 3458 622 3532 613AF]BFAVatABFv
717 3461 932 3532 οΗΛΜΕο.
1021 3440 1108 3513 md]
