2356 3818
122 138 190 202 216
538 137 729 190 ΔΡΡααυΙΧ.

123 281 145 364 ἡ
171 281 238 346 ὑπὸ
261 283 369 344 ΑΗΖ
398 280 552 362 δοθεῖσα,
584 277 641 343 καὶ
670 281 769 363 λοιπὴ
797 280 863 365 ἄρα
888 277 910 361 ἡ
938 276 1006 343 ὑπὸ
1034 280 1138 342 HAZ

125 386 266 451 δοθεῖσα
294 385 397 450 ἐστιν·
429 384 563 450 δέδοται
594 387 659 472 ἄρα
690 387 728 450 τὸ
757 391 789 450 A
796 388 834 449 H
836 389 864 448 Z
895 386 1065 468 τρίγωνον
1094 391 1135 470 τῷ

125 493 220 558 εῖδει·
252 494 352 573 λόγος
374 493 438 577 ἄρα
462 488 531 555 ἐστὶ
554 499 612 574 τῆς
636 496 697 555 ZA
723 493 808 578 πρὸς
829 492 892 575 τὴν
914 493 995 555 AH
1018 490 1133 564 δοθελς.

125 606 183 682 τῆς
206 593 244 662 δὲ
267 601 328 661 ΖΑ
349 599 433 683 πρὸς
455 598 517 679 τὴν
542 600 605 661 ΓΕ
632 600 731 679 λόγος
754 594 824 662 ἐστὶ
844 596 976 672 δοθείς·
1007 592 1134 677 καὶαῆς

88 707 203 769 6AH
226 705 291 789 ἄρα
312 704 396 788 πρὸς
417 704 480 785 τὴν
504 705 568 767 ΓΕ
593 705 691 785 λόγος
718 701 787 767 ἐστὶ
814 703 943 778 δοθείς·
977 702 1062 767 ὥστε
1086 696 1131 764 καλ

126 818 188 874 τοῦ
219 809 285 874 ὑπὸ
317 820 384 873 τῶν
411 812 499 892 ΑΗ,
518 811 586 873 ΒΓ
611 810 695 894 πρὸς
725 809 763 873 τὸ
794 808 860 873 ὑπὸ
892 819 961 872 τῶν
988 810 1062 889 ΒΓ,
1080 807 1134 870 ΓΕ

126 918 225 997 λόγος
248 912 318 979 ἐστὶ
341 914 463 990 δοθείς.
495 922 555 977 τοῦ
579 910 616 978 δὲ
638 914 704 979 ὑπὸ
727 924 795 978 τῶν
812 918 896 997 AH,
913 917 984 979 ΒΓ
999 913 1082 998 πρὸς
1100 911 1130 973 τὸ

126 1023 233 1085 ΑΒΓ
255 1022 420 1105 τρίγωνον
447 1022 546 1102 λόγος
573 1017 642 1084 ἐστὶ
665 1020 792 1096 δοθείς·
824 1018 881 1084 καὶ
903 1026 965 1084 τοῦ
986 1019 1053 1084 ὑπὸ
1074 1025 1130 1082 τῶν

129 1129 201 1209 ΒΓ,
220 1129 285 1190 ΓΕ
306 1127 371 1212 ἄρα
391 1127 476 1212 πρὸς
497 1126 535 1190 τὸ
558 1129 664 1190 ABF
686 1128 851 1212 τρίγωνον
874 1127 974 1207 λόγος
996 1121 1066 1190 ἐστὶ
1085 1123 1129 1186 δο-

74 1245 110 1294 10
127 1234 215 1307 θεός·
240 1234 299 1296 καί
320 1231 388 1296 ἐστι
411 1233 449 1296 τὸ
472 1231 537 1296 ὑπὸ
561 1242 627 1296 τῶν
646 1235 719 1315 ΒΓ,
739 1235 812 1315 ΓΕ,
835 1224 862 1319 ᾧ
885 1233 996 1316 μεῖζόν
1019 1227 1128 1296 ἐστιν’)

129 1337 192 1402 ἀπὸ
216 1335 470 1422 συναμφοτέρου
493 1345 551 1422 τῆς
570 1341 632 1401 BA
639 1340 671 1401 Γ
688 1345 748 1401 τοῦ
772 1337 836 1402 ἀπὸ
853 1346 913 1422 τῆς
929 1340 1011 1402 ΒΓ·
1034 1329 1126 1422 ᾦᾶγα

128 1445 239 1527 μεῖζόν
262 1441 332 1508 ἐστι
356 1444 393 1508 τὸ
418 1442 481 1508 ἀπὸ
505 1441 760 1529 συναμφοτέρου
787 1451 845 1528 τῖγς
868 1447 930 1508 BA
937 1446 970 1508 Γ
991 1450 1050 1506 τοῦ
1074 1438 1124 1503 ἀπὸ

129 1558 188 1634 τῆς
215 1550 291 1632 ΒΓ,
324 1547 429 1614 ἐκεῖνο
456 1551 494 1614 τὸ
521 1551 646 1634 χωρίον
672 1550 755 1635 πρὸς
782 1550 819 1614 τὸ
847 1552 1014 1635 τρίγωνον
1039 1548 1123 1627 λόγον

130 1658 196 1740 ἔχει
219 1653 407 1739 δεδομένον.

76 1806 111 1857 ιε
610 1796 661 1860 16.

468 1900 521 1964 Ad
542 1922 634 1985 prop.
657 1900 805 1967 LXVIII.

516 2013 519 2019 ¹
555 2023 710 2101 ’Ἁλλως

195 2146 373 2212 Ἐκκείσθω
397 2145 557 2232 δεδομένη
580 2147 739 2230 εὐθεῖαὴ
762 2150 803 2212 Κ.

197 2250 254 2316 καλ
276 2250 345 2316 ἐπεὶ
372 2256 470 2336 λόγος
498 2251 568 2320 ἐστὶ
594 2261 654 2317 τοῦ
677 2259 710 2318 A
736 2255 820 2339 πρὸς
847 2254 884 2318 τὸ
907 2257 937 2318 Β
967 2244 1122 2333 δοθείς,δ

77 2371 114 2422 20
132 2357 232 2434 αὐτὸς
255 2357 344 2445 αὐτῷ
367 2355 528 2441 γεγονέτω
552 2359 570 2424 ό
593 2367 651 2443 τῆς
672 2361 707 2422 K
725 2359 809 2443 πρὸς
831 2360 892 2442 τὴν
911 2362 952 2422 Λ.
988 2360 1078 2440 λόγος
1095 2345 1122 2414 δὲ

132 2471 193 2528 τοῦ
216 2469 249 2527 Α
270 2465 353 2550 πρὸς
375 2465 413 2529 τὸ
436 2468 464 2528 Β
488 2465 614 2540 δοθείς·
643 2467 741 2547 λόγος
763 2466 828 2548 ἄρα
850 2462 906 2528 καλ
928 2472 987 2548 τῖγς
1009 2466 1043 2527 K
1059 2457 1123 2544 πρὸς

131 2571 194 2654 τὴν
212 2574 244 2634 Λ
263 2570 385 2646 δοθείς.
422 2570 562 2634 δοθεῖσα
585 2566 622 2634 δὲ
645 2570 665 2654 ἡ
684 2572 731 2633 Κ·
755 2570 895 2634 δοθεῖσα
913 2569 978 2655 ἄρα
996 2565 1050 2633 καὶ
1065 2563 1122 2649 ἡΛ·

132 2676 234 2742 πόλιν
262 2674 332 2742 ἐπεῖ
359 2678 457 2756 λόγος
482 2674 552 2741 ἐστὶ
575 2672 690 2751 δοθεὶς
712 2682 771 2759 τῆς
793 2677 856 2739 ΓΔ
881 2674 966 2759 πρὸς
987 2674 1047 2757 τὴν
1066 2668 1122 2747 ΕΖ,

133 2783 151 2848 ὁ
176 2783 275 2858 αὐτὸς
298 2781 387 2869 αὐτῷ
412 2779 573 2864 γεγονέτω
597 2781 615 2846 ό
638 2789 696 2865 τῆς
718 2783 754 2844 Κ
777 2780 860 2866 πρὸς
882 2780 944 2863 τὴν
966 2783 1021 2844 Μ·
1047 2777 1122 2856 λόγος

80 2899 116 2950 25
136 2890 200 2973 ἄρα
222 2884 278 2952 καὶ
301 2896 359 2970 τῆς
376 2890 412 2951 Κ
431 2889 515 2973 πρὸς
536 2888 598 2969 τὴν
621 2891 666 2951 Μ
683 2887 810 2962 δοθείς·
838 2886 979 2951 δοθεῖσα
1001 2881 1037 2949 δὲ
1056 2878 1121 2964 ἡδ’

208 3119 231 3167 1.
251 3113 349 3184 ΑΗΖ]
368 3116 456 3167 ΑΖΗ
471 3113 501 3181 Ρ,
520 3121 576 3166 τῶν
594 3116 679 3167 ΑΗΖ
697 3112 724 3166 b.
780 3111 875 3182 HAz]
897 3114 984 3166 ΖΑΗ
999 3128 1025 3181 v,
1043 3100 1120 3164 νεῖ.

169 3190 194 3239 4.
213 3183 336 3255 καὶτῆς]
355 3183 399 3237 bis
413 3201 432 3236 v
446 3183 485 3251 (in
499 3183 553 3237 fine
568 3186 597 3238 et
610 3182 693 3237 initio
707 3182 787 3253 folii).
848 3187 872 3236 ό.
892 3181 961 3254 ἄρα]
976 3181 1062 3236 om.b.
1102 3177 1120 3225 ὃ·

135 3256 199 3326 τοῦ]
218 3254 250 3309 τό
269 3255 299 3309 Ρ.
356 3261 406 3307 τοῦ
425 3253 492 3323 ὑπό]
512 3254 649 3323 om.Vat.‚
669 3270 737 3308 corr.
752 3272 788 3308 m.
805 3259 829 3307 2.
888 3261 945 3309 τῶν
959 3253 1032 3324 (pr.)]
1049 3254 1088 3304 τοῦ
1100 3240 1120 3293 b·

171 3324 332 3397 νομαὶ).
406 3323 965 3395 9.131*,1*E]131*Eb‚itemlin.1o.
1036 3317 1122 3389 ἄλλα

134 3398 264 3453 omoett.
322 3386 494 3466 αο.ςῖ]όνο.
551 3395 764 3466 ωηολε.
821 3390 1122 3466 13.ΒΓ]ΛΓΡααν.

169 3473 211 3522 28.
232 3467 284 3538 τὴν
303 3466 368 3539 ΕΖ]
387 3464 419 3518 τὸ
438 3468 492 3519 ΕΖ
511 3462 609 3527 δοθελς
626 3465 653 3520 b.
727 3471 770 3520 24.
790 3465 1001 3537 6(utrumque)]
1019 3480 1067 3519 om
1080 3456 1104 3511 P·
