2356 3818
549 144 713 197 SOHOLIA.

505 358 558 423 Ad
580 381 672 445 prop.
695 356 766 422 XX.

195 502 245 565 70.
273 498 527 586 Ἀντιοτρόφιον
547 509 607 564 τοῦ
632 498 684 566 ιε’.

79 656 82 661 ·
194 626 243 689 71.
272 623 339 689 Καὶ
363 623 435 689 ἐπεί
455 623 546 689 ἐστιν
569 624 614 700 ὡς
636 625 674 689 τὸ
699 629 768 689 ΑΕ
788 646 820 708 p.
835 624 886 707 38,
901 621 962 706 21]
986 620 1060 687 ἐπεὶ
1085 623 1149 709 γάρ

128 729 227 814 ἐστιν,
251 730 296 808 ὡς
314 734 383 794 ΑΕ
403 731 487 816 πρὸς
506 733 581 813 ΓΖ,
605 729 710 806 οὸτας
733 732 810 793 ΑΗ
827 728 911 814 πρὸς
934 728 1006 812 ΓΔ,
1031 729 1150 825 δῆλον,

92 836 179 901 οὸτι
207 834 262 900 καὶ
290 840 408 900 λοιποῦ
435 845 496 901 τοῦ
523 840 597 901 ΕΗ
624 836 708 921 πρὸς
735 835 853 899 λοιπὸν
879 835 916 898 τὸ
946 833 1017 898 ΖΔ
1048 837 1152 916 λόγος

127 939 195 1006 ἐστὶ
224 939 339 1018 δοθεὶς
366 943 422 1006 διὰ
449 943 486 1006 τὸ
510 940 562 1006 ιλΓ
585 949 645 1006 τοῦ
669 939 698 1006 ε’
721 951 789 1005 τῶν
812 941 999 1024 στοιχείων,
1028 938 1090 1005 καὶ
1113 941 1151 1007 ἐν

126 1047 227 1111 ὅπασι
255 1057 324 1124 τοῖς
351 1049 516 1124 τοιούτοις
548 1048 604 1112 διὰ
631 1049 668 1113 τὸ
696 1049 832 1131 σχόλιον
858 1045 1001 1131 μάλιστα
1028 1054 1095 1112 τοῦ
1123 1046 1150 1113 ι’

125 1156 351 1239 θεωρήματος,
375 1154 459 1218 ὅπου
483 1163 619 1238 σημεῖον
642 1154 719 1219 τόδε
742 1157 776 1218 P.

479 1365 532 1430 Ad
554 1388 645 1451 prop.
668 1362 790 1430 XXIII.

75 1499 108 1547 10
196 1490 245 1553 72.
266 1486 382 1552 Ἔσται
409 1486 465 1552 καὶ
493 1494 612 1554 λοιποῦ
638 1498 698 1553 τοῦ
722 1492 786 1553 ΕΒ
813 1512 843 1573 p.
867 1487 919 1572 42,
943 1488 1002 1573 21]
1039 1487 1100 1553 ἐὰν
1127 1483 1150 1574 ᾖ

128 1595 174 1672 ὡς
204 1595 283 1660 ὅλον
315 1597 398 1681 πρὸς
426 1595 519 1678 ὅλον,
552 1595 659 1671 οὸτως
685 1590 872 1680 ἀφαιρεθὲν
898 1595 982 1680 πρὸς
1009 1593 1150 1680 ἀφαιρε-

127 1699 206 1785 θέν,
237 1699 293 1765 καὶ
325 1702 361 1765 τὸ
391 1703 508 1766 λοιπὸν
539 1701 623 1787 πρὸς
649 1702 687 1765 τὸ
716 1701 833 1765 λοιπὸν
865 1702 957 1765 ἔσται
986 1700 1033 1778 ὡς
1066 1702 1148 1766 ὅλον

130 1809 214 1893 πρὸς
238 1808 325 1872 ὅλον.

198 1951 249 2013 73.
281 1947 315 2013 P.
339 1949 392 2031 44,
417 1947 452 2031 5]
480 1948 536 2012 διὰ
564 1945 624 2031 μὲν
651 1949 688 2013 τὸ
714 1945 742 2012 ε’
765 1947 885 2012 τούτου
913 1954 974 2011 τοῦ
999 1951 1065 2012 ΓΔ
1092 1947 1148 2014 καὶ

74 2063 107 2112 15
126 2056 209 2140 πρὸς
231 2056 269 2119 τὸ
294 2056 355 2118 ΓΖ
379 2056 477 2135 λόγος
500 2051 568 2117 ἐστὶ
590 2053 713 2130 ὅοθείς.

196 2196 248 2257 74.
284 2193 319 2257 Ρ.
343 2196 402 2279 44,
433 2195 472 2279 6]
506 2194 735 2281 συμπέρασμα·
769 2194 852 2259 ὥστε
878 2202 939 2259 τοῦ
968 2197 1031 2259 ΓΔ
1064 2198 1148 2283 πρὸς

126 2299 266 2364 ἕκαστον
288 2310 354 2364 τῶν
379 2302 450 2382 ΓΖ,
472 2304 533 2364 ΖΛ
561 2304 659 2382 λόγος
684 2302 812 2375 ὅοθείς·
841 2302 909 2364 ἔστι
933 2296 970 2365 δὲ
992 2311 1055 2366 τοῦ
1080 2307 1145 2369 AB

126 2407 209 2492 πρὸς
228 2408 289 2469 ΓΖ
313 2406 411 2485 λόγος
430 2406 557 2483 ὅοθείς·
581 2405 637 2471 καὶ
659 2415 719 2471 τοῦ
741 2409 806 2470 ΑΒ
831 2407 895 2491 ἄρα
917 2408 1002 2492 πρὸς
1023 2410 1064 2473 τὸ
1085 2412 1144 2473 ΓΖ

127 2515 225 2594 λόγος
248 2509 317 2577 ἐστὶ
340 2510 455 2590 δοθεὶς
477 2510 532 2576 καὶ
555 2515 638 2599 πρὸς
661 2514 697 2577 τὸ
723 2517 798 2578 ΖΛ.

73 2666 109 2715 20
195 2657 245 2721 75.
283 2653 382 2720 Ὥστε
416 2656 550 2720 πάντων
581 2656 664 2741 πρὸς
695 2653 803 2719 πάντα
834 2677 865 2738 p.
892 2654 951 2738 44,
984 2653 1024 2739 8]
1062 2657 1143 2720 ὥστε

126 2761 182 2827 καὶ
214 2771 274 2827 τοῦ
302 2766 368 2827 AB
400 2762 483 2848 πρὸς
510 2765 579 2825 ΑΕ
608 2758 664 2825 καὶ
695 2764 759 2825 ΕΒ
793 2757 875 2846 μέρη
907 2760 1015 2825 αὐτοῦ
1047 2764 1143 2844 λόγος

200 3030 240 3077 70.
259 3023 325 3077 ΡΙλ.
383 3031 423 3079 71.
442 3023 711 3092 PlVasssMonpm
729 3021 797 3076 inde
810 3039 827 3076 a
840 3023 918 3078 uerb.
934 3024 985 3078 καὶ
1002 3027 1101 3078 λοιποῦ
1119 3024 1139 3074 λ,

164 3092 319 3149 mm.
394 3100 435 3148 73.
455 3095 506 3148 1¹2.
580 3099 622 3149 74.
641 3112 667 3148 v.
742 3099 828 3148 75.v.

128 3241 176 3248 ...-

199 3347 223 3396 2.
242 3341 304 3412 τοῦ]
323 3344 360 3412 τῷ
379 3339 396 3393 l.
471 3341 521 3411 ιε’]
541 3341 581 3394 ιδ’
601 3345 623 3395 λ.
704 3346 729 3395 ὅ.
749 3340 791 3396 ὅτι
823 3356 876 3394 om.
895 3340 1063 3410 Plvawc,
1087 3336 1141 3394 ἐστί

126 3413 237 3536 (comp)
257 3430 280 3480 ρ.
354 3415 378 3464 8.
399 3407 470 3465 ὅπου
491 3440 518 3450 —
545 3413 580 3483 P]
600 3429 653 3466 om.
670 3430 696 3467 v.
771 3416 795 3465 P
827 3429 880 3484 om.
896 3431 920 3479 ρ.
997 3417 1036 3467 10.
1058 3404 1075 3484 ᾗ
1094 3409 1138 3480 ὥς]

122 3498 175 3538 om.
226 3485 249 3538 λ.
326 3488 367 3538 14.
388 3479 451 3557 μέν]
472 3485 645 3553 suspectum.
717 3487 760 3537 18.
778 3499 793 3535 τ
811 3483 825 3553 1
840 3481 891 3538 τόν
910 3501 937 3538 v.
