<?xml version="1.0" encoding="UTF-8"?>
<!DOCTYPE html PUBLIC "-//W3C//DTD XHTML 1.0 Transitional//EN"
    "http://www.w3.org/TR/xhtml1/DTD/xhtml1-transitional.dtd">
<html xmlns="http://www.w3.org/1999/xhtml" xml:lang="en" lang="en">
 <head>
  <title>
</title>
<meta http-equiv="Content-Type" content="text/html;charset=utf-8" />
  <meta name='ocr-system' content='tesseract 3.04.00' />
  <meta name='ocr-capabilities' content='ocr_page ocr_carea ocr_par ocr_line ocrx_word'/>
</head>
<body>
  <div class='ocr_page' id='page_1' title='image "./euclidisoperaom09unkngoog_0384.png"; bbox 0 0 2356 3818; ppageno 0'>
   <div class='ocr_carea' id='block_1_1' title="bbox 488 125 1067 191">
    <p class='ocr_par' dir='ltr' id='par_1_1' title="bbox 488 125 1067 191">
     <span class='ocr_line' id='line_1_1' title="bbox 488 125 1067 191; baseline -0.007 -9"><span class='ocrx_word' id='word_1_1' title='bbox 488 129 651 182; x_wconf 80' lang='lat' dir='ltr'>SCHOLIA.</span> <span class='ocrx_word' id='word_1_2' title='bbox 850 169 859 183; x_wconf 90' lang='lat'><strong><em>.</em></strong></span> <span class='ocrx_word' id='word_1_3' title='bbox 1003 125 1067 191; x_wconf 75' lang='lat'><strong><em>307</em></strong></span> 
     </span>
    </p>
   </div>
   <div class='ocr_carea' id='block_1_2' title="bbox 43 265 1120 2707">
    <p class='ocr_par' dir='ltr' id='par_1_2' title="bbox 57 265 1119 998">
     <span class='ocr_line' id='line_1_2' title="bbox 57 265 1068 360; baseline 0 -24"><span class='ocrx_word' id='word_1_4' title='bbox 57 295 214 358; x_wconf 92' lang='grc' dir='ltr'><strong><em>γραμμον</em></strong></span> <span class='ocrx_word' id='word_1_5' title='bbox 236 273 386 360; x_wconf 77' lang='grc' dir='ltr'><strong><em>τριγώνῳ</em></strong></span> <span class='ocrx_word' id='word_1_6' title='bbox 410 273 510 356; x_wconf 85' lang='grc' dir='ltr'><strong><em>βάσιν</em></strong></span> <span class='ocrx_word' id='word_1_7' title='bbox 533 275 589 356; x_wconf 74' lang='grc' dir='ltr'><strong><em>ἔχῃ</em></strong></span> <span class='ocrx_word' id='word_1_8' title='bbox 612 273 673 356; x_wconf 78' lang='grc' dir='ltr'><strong><em>τὴν</em></strong></span> <span class='ocrx_word' id='word_1_9' title='bbox 695 272 799 355; x_wconf 81' lang='grc' dir='ltr'><strong><em>αὐτὴν</em></strong></span> <span class='ocrx_word' id='word_1_10' title='bbox 821 270 876 336; x_wconf 79' lang='grc' dir='ltr'><strong><em>καὶ</em></strong></span> <span class='ocrx_word' id='word_1_11' title='bbox 897 265 918 357; x_wconf 80' lang='grc' dir='ltr'><em>ᾗ</em></span> <span class='ocrx_word' id='word_1_12' title='bbox 942 270 978 336; x_wconf 82' lang='grc' dir='ltr'><strong><em>ἐν</em></strong></span> <span class='ocrx_word' id='word_1_13' title='bbox 996 283 1068 348; x_wconf 81' lang='grc' dir='ltr'><strong><em>ταῖς</em></strong></span> 
     </span>
     <span class='ocr_line' id='line_1_3' title="bbox 59 378 1068 464; baseline -0.002 -20"><span class='ocrx_word' id='word_1_14' title='bbox 59 378 175 455; x_wconf 82' lang='grc' dir='ltr'><strong><em>αὐταῖς</em></strong></span> <span class='ocrx_word' id='word_1_15' title='bbox 188 380 419 463; x_wconf 76' lang='grc' dir='ltr'><em>παραλλήλοις,</em></span> <span class='ocrx_word' id='word_1_16' title='bbox 434 379 610 444; x_wconf 80' lang='grc' dir='ltr'><strong><em>διπλάσιον</em></strong></span> <span class='ocrx_word' id='word_1_17' title='bbox 624 381 713 443; x_wconf 80' lang='grc' dir='ltr'><strong><em>ἔσται</em></strong></span> <span class='ocrx_word' id='word_1_18' title='bbox 726 380 763 443; x_wconf 87' lang='grc' dir='ltr'><strong><em>τὸ</em></strong></span> <span class='ocrx_word' id='word_1_19' title='bbox 773 379 1068 464; x_wconf 75' lang='grc' dir='ltr'><strong><em>παραλληλόγραμ-</em></strong></span> 
     </span>
     <span class='ocr_line' id='line_1_4' title="bbox 60 485 1068 570; baseline -0.001 -20"><span class='ocrx_word' id='word_1_20' title='bbox 60 509 124 570; x_wconf 90' lang='grc' dir='ltr'><strong><em>μον</em></strong></span> <span class='ocrx_word' id='word_1_21' title='bbox 146 494 207 550; x_wconf 88' lang='grc' dir='ltr'><strong><em>τοῦ</em></strong></span> <span class='ocrx_word' id='word_1_22' title='bbox 229 486 408 570; x_wconf 80' lang='grc' dir='ltr'><strong><em>τριγώνου·</em></strong></span> <span class='ocrx_word' id='word_1_23' title='bbox 433 485 609 550; x_wconf 81' lang='grc' dir='ltr'><strong><em>διπλάσιον</em></strong></span> <span class='ocrx_word' id='word_1_24' title='bbox 630 487 693 570; x_wconf 88' lang='grc' dir='ltr'><strong><em>άρα</em></strong></span> <span class='ocrx_word' id='word_1_25' title='bbox 716 487 752 550; x_wconf 88' lang='grc' dir='ltr'><strong><em>τὸ</em></strong></span> <span class='ocrx_word' id='word_1_26' title='bbox 776 488 846 549; x_wconf 85' lang='grc' dir='ltr'><strong><em>ΑΓ</em></strong></span> <span class='ocrx_word' id='word_1_27' title='bbox 862 488 1068 570; x_wconf 79' lang='grc' dir='ltr'><strong><em>παραλληλό-</em></strong></span> 
     </span>
     <span class='ocr_line' id='line_1_5' title="bbox 59 589 1067 678; baseline -0.003 -21"><span class='ocrx_word' id='word_1_28' title='bbox 59 615 212 678; x_wconf 89' lang='grc' dir='ltr'><strong><em>γραμμον</em></strong></span> <span class='ocrx_word' id='word_1_29' title='bbox 230 600 290 656; x_wconf 84' lang='grc' dir='ltr'><strong><em>τοῦ</em></strong></span> <span class='ocrx_word' id='word_1_30' title='bbox 304 596 409 657; x_wconf 89' lang='grc' dir='ltr'><strong><em>ΑΒΓ</em></strong></span> <span class='ocrx_word' id='word_1_31' title='bbox 426 593 599 677; x_wconf 78' lang='grc' dir='ltr'><strong><em>τριγώνου.</em></strong></span> <span class='ocrx_word' id='word_1_32' title='bbox 636 590 757 676; x_wconf 84' lang='grc' dir='ltr'><strong><em>ὁμοίως</em></strong></span> <span class='ocrx_word' id='word_1_33' title='bbox 775 592 816 675; x_wconf 75' lang='grc' dir='ltr'><strong><em>δὴ</em></strong></span> <span class='ocrx_word' id='word_1_34' title='bbox 835 589 993 674; x_wconf 84' lang='grc' dir='ltr'><strong><em>δείξομεν,</em></strong></span> <span class='ocrx_word' id='word_1_35' title='bbox 1016 590 1067 655; x_wconf 80' lang='grc' dir='ltr'><strong><em>ὅτι</em></strong></span> 
     </span>
     <span class='ocr_line' id='line_1_6' title="bbox 57 696 1119 782; baseline -0.005 -20"><span class='ocrx_word' id='word_1_36' title='bbox 57 697 113 763; x_wconf 79' lang='grc' dir='ltr'><strong><em>καὶ</em></strong></span> <span class='ocrx_word' id='word_1_37' title='bbox 132 700 169 763; x_wconf 92' lang='grc' dir='ltr'><strong><em>τὸ</em></strong></span> <span class='ocrx_word' id='word_1_38' title='bbox 187 698 253 763; x_wconf 82' lang='grc' dir='ltr'><strong><em>ὑπὸ</em></strong></span> <span class='ocrx_word' id='word_1_39' title='bbox 271 709 338 763; x_wconf 90' lang='grc' dir='ltr'><strong><em>τῶν</em></strong></span> <span class='ocrx_word' id='word_1_40' title='bbox 356 705 389 763; x_wconf 84' lang='grc' dir='ltr'><em>Α</em></span> <span class='ocrx_word' id='word_1_41' title='bbox 395 702 432 782; x_wconf 94' lang='grc' dir='ltr'><strong><em>Γ,</em></strong></span> <span class='ocrx_word' id='word_1_42' title='bbox 447 703 508 763; x_wconf 98' lang='lat' dir='ltr'><em>BA</em></span> <span class='ocrx_word' id='word_1_43' title='bbox 527 697 702 763; x_wconf 77' lang='grc' dir='ltr'><strong><em>διπλάσιόν</em></strong></span> <span class='ocrx_word' id='word_1_44' title='bbox 720 696 790 762; x_wconf 79' lang='grc' dir='ltr'><strong><em>ἐστι</em></strong></span> <span class='ocrx_word' id='word_1_45' title='bbox 809 706 868 761; x_wconf 86' lang='grc' dir='ltr'><strong><em>τοῦ</em></strong></span> <span class='ocrx_word' id='word_1_46' title='bbox 883 700 988 761; x_wconf 84' lang='grc' dir='ltr'><strong><em>ΑΒΓ</em></strong></span> <span class='ocrx_word' id='word_1_47' title='bbox 1001 719 1067 782; x_wconf 85' lang='grc' dir='ltr'><strong><em>τρι·</em></strong></span> <span class='ocrx_word' id='word_1_48' title='bbox 1103 707 1119 757; x_wconf 83' lang='lat'>5</span> 
     </span>
     <span class='ocr_line' id='line_1_7' title="bbox 58 801 1067 887; baseline -0.002 -18"><span class='ocrx_word' id='word_1_49' title='bbox 58 806 184 887; x_wconf 90' lang='grc' dir='ltr'><strong><em>γώνου·</em></strong></span> <span class='ocrx_word' id='word_1_50' title='bbox 208 805 249 869; x_wconf 84' lang='grc' dir='ltr'><strong><em>τὰ</em></strong></span> <span class='ocrx_word' id='word_1_51' title='bbox 267 801 305 869; x_wconf 73' lang='grc' dir='ltr'><strong><em>δὲ</em></strong></span> <span class='ocrx_word' id='word_1_52' title='bbox 322 814 382 869; x_wconf 84' lang='grc' dir='ltr'><strong><em>τοῦ</em></strong></span> <span class='ocrx_word' id='word_1_53' title='bbox 401 805 504 869; x_wconf 86' lang='grc' dir='ltr'><strong><em>αὐτοῦ</em></strong></span> <span class='ocrx_word' id='word_1_54' title='bbox 523 804 679 869; x_wconf 75' lang='grc' dir='ltr'><strong><em>διπλάσια</em></strong></span> <span class='ocrx_word' id='word_1_55' title='bbox 702 810 757 869; x_wconf 81' lang='grc' dir='ltr'><strong><em>ἴσα</em></strong></span> <span class='ocrx_word' id='word_1_56' title='bbox 784 804 937 886; x_wconf 78' lang='grc' dir='ltr'><strong><em>ἀλλήλοις</em></strong></span> <span class='ocrx_word' id='word_1_57' title='bbox 964 802 1067 868; x_wconf 79' lang='grc' dir='ltr'><strong><em>ἐστίν·</em></strong></span> 
     </span>
     <span class='ocr_line' id='line_1_8' title="bbox 58 910 1066 998; baseline -0.004 -22"><span class='ocrx_word' id='word_1_58' title='bbox 58 916 133 976; x_wconf 75' lang='grc' dir='ltr'><strong><em>ἴσον</em></strong></span> <span class='ocrx_word' id='word_1_59' title='bbox 156 912 221 997; x_wconf 81' lang='grc' dir='ltr'><strong><em>ἄρα</em></strong></span> <span class='ocrx_word' id='word_1_60' title='bbox 243 912 280 975; x_wconf 86' lang='grc' dir='ltr'><strong><em>τὸ</em></strong></span> <span class='ocrx_word' id='word_1_61' title='bbox 303 911 368 976; x_wconf 80' lang='grc' dir='ltr'><strong><em>ὑπὸ</em></strong></span> <span class='ocrx_word' id='word_1_62' title='bbox 392 922 459 976; x_wconf 88' lang='grc' dir='ltr'><strong><em>τών</em></strong></span> <span class='ocrx_word' id='word_1_63' title='bbox 477 914 548 993; x_wconf 99' lang='grc' dir='ltr'><strong><em>ΒΓ,</em></strong></span> <span class='ocrx_word' id='word_1_64' title='bbox 568 915 636 974; x_wconf 86' lang='grc' dir='ltr'><strong><em>ΑΕ</em></strong></span> <span class='ocrx_word' id='word_1_65' title='bbox 656 920 701 998; x_wconf 77' lang='grc' dir='ltr'><strong><em>τῷ</em></strong></span> <span class='ocrx_word' id='word_1_66' title='bbox 724 910 789 975; x_wconf 84' lang='grc' dir='ltr'><strong><em>ὑπὸ</em></strong></span> <span class='ocrx_word' id='word_1_67' title='bbox 813 920 880 974; x_wconf 83' lang='grc' dir='ltr'><strong><em>τών</em></strong></span> <span class='ocrx_word' id='word_1_68' title='bbox 903 912 977 991; x_wconf 87' lang='grc' dir='ltr'><strong><em>ΑΓ,</em></strong></span> <span class='ocrx_word' id='word_1_69' title='bbox 997 913 1066 973; x_wconf 86' lang='lat' dir='ltr'><em>BA.</em></span> 
     </span>
    </p>

    <p class='ocr_par' dir='ltr' id='par_1_3' title="bbox 43 1014 1120 1633">
     <span class='ocr_line' id='line_1_9' title="bbox 127 1014 1066 1102; baseline -0.001 -22"><span class='ocrx_word' id='word_1_70' title='bbox 127 1016 200 1081; x_wconf 83' lang='lat'><strong>169.</strong></span> <span class='ocrx_word' id='word_1_71' title='bbox 232 1014 299 1080; x_wconf 82' lang='grc' dir='ltr'><strong><em>Καὶ</em></strong></span> <span class='ocrx_word' id='word_1_72' title='bbox 325 1025 382 1100; x_wconf 77' lang='grc' dir='ltr'><strong><em>τῆς</em></strong></span> <span class='ocrx_word' id='word_1_73' title='bbox 409 1020 477 1081; x_wconf 91' lang='grc' dir='ltr'><strong><em>ΒΓ</em></strong></span> <span class='ocrx_word' id='word_1_74' title='bbox 504 1017 587 1102; x_wconf 86' lang='grc' dir='ltr'><strong><em>πρὸς</em></strong></span> <span class='ocrx_word' id='word_1_75' title='bbox 613 1019 683 1080; x_wconf 87' lang='grc' dir='ltr'><strong><em>ΑΕ</em></strong></span> <span class='ocrx_word' id='word_1_76' title='bbox 707 1038 737 1100; x_wconf 88' lang='lat' dir='ltr'><strong><em>p.</em></strong></span> <span class='ocrx_word' id='word_1_77' title='bbox 763 1015 839 1099; x_wconf 82' lang='lat'><strong><em>156,</em></strong></span> <span class='ocrx_word' id='word_1_78' title='bbox 864 1015 898 1100; x_wconf 84' lang='lat'><strong><em>6]</em></strong></span> <span class='ocrx_word' id='word_1_79' title='bbox 932 1017 976 1091; x_wconf 84' lang='grc' dir='ltr'><strong><em>ὡς</em></strong></span> <span class='ocrx_word' id='word_1_80' title='bbox 1003 1016 1066 1100; x_wconf 88' lang='grc' dir='ltr'><strong><em>γάρ</em></strong></span> 
     </span>
     <span class='ocr_line' id='line_1_10' title="bbox 55 1121 1067 1208; baseline -0.002 -21"><span class='ocrx_word' id='word_1_81' title='bbox 55 1123 95 1188; x_wconf 83' lang='grc' dir='ltr'><strong><em>τὸ</em></strong></span> <span class='ocrx_word' id='word_1_82' title='bbox 124 1122 188 1187; x_wconf 85' lang='grc' dir='ltr'><strong><em>άπὸ</em></strong></span> <span class='ocrx_word' id='word_1_83' title='bbox 216 1133 274 1206; x_wconf 75' lang='grc' dir='ltr'><strong><em>τῆς</em></strong></span> <span class='ocrx_word' id='word_1_84' title='bbox 299 1126 367 1188; x_wconf 88' lang='grc' dir='ltr'><strong><em>ΒΓ</em></strong></span> <span class='ocrx_word' id='word_1_85' title='bbox 392 1123 475 1208; x_wconf 82' lang='grc' dir='ltr'><strong><em>πρὸς</em></strong></span> <span class='ocrx_word' id='word_1_86' title='bbox 506 1124 544 1187; x_wconf 90' lang='grc' dir='ltr'><strong><em>τὸ</em></strong></span> <span class='ocrx_word' id='word_1_87' title='bbox 572 1121 636 1186; x_wconf 76' lang='grc' dir='ltr'><strong><em>ὑπὸ</em></strong></span> <span class='ocrx_word' id='word_1_88' title='bbox 664 1132 731 1186; x_wconf 83' lang='grc' dir='ltr'><strong><em>τῶν</em></strong></span> <span class='ocrx_word' id='word_1_89' title='bbox 760 1125 831 1205; x_wconf 92' lang='grc' dir='ltr'><strong><em>ΒΓ,</em></strong></span> <span class='ocrx_word' id='word_1_90' title='bbox 859 1127 940 1204; x_wconf 85' lang='grc' dir='ltr'><strong><em>ΑΒ,</em></strong></span> <span class='ocrx_word' id='word_1_91' title='bbox 972 1143 1067 1186; x_wconf 85' lang='grc' dir='ltr'><strong><em>τουτ-</em></strong></span> 
     </span>
     <span class='ocr_line' id='line_1_11' title="bbox 57 1227 1120 1314; baseline -0.008 -20"><span class='ocrx_word' id='word_1_92' title='bbox 57 1227 128 1294; x_wconf 79' lang='grc' dir='ltr'><strong><em>έστι</em></strong></span> <span class='ocrx_word' id='word_1_93' title='bbox 160 1230 197 1293; x_wconf 92' lang='grc' dir='ltr'><strong><em>τὸ</em></strong></span> <span class='ocrx_word' id='word_1_94' title='bbox 226 1232 288 1294; x_wconf 90' lang='grc' dir='ltr'><strong><em>ΓΟ</em></strong></span> <span class='ocrx_word' id='word_1_95' title='bbox 318 1231 402 1314; x_wconf 80' lang='grc' dir='ltr'><strong><em>πρὸς</em></strong></span> <span class='ocrx_word' id='word_1_96' title='bbox 433 1230 469 1293; x_wconf 85' lang='grc' dir='ltr'><strong><em>τὸ</em></strong></span> <span class='ocrx_word' id='word_1_97' title='bbox 499 1231 571 1311; x_wconf 92' lang='grc' dir='ltr'><strong><em>ΓΡ,</em></strong></span> <span class='ocrx_word' id='word_1_98' title='bbox 604 1227 709 1304; x_wconf 81' lang='grc' dir='ltr'><strong><em>οὕτως</em></strong></span> <span class='ocrx_word' id='word_1_99' title='bbox 735 1228 755 1311; x_wconf 81' lang='grc' dir='ltr'><em>ἡ</em></span> <span class='ocrx_word' id='word_1_100' title='bbox 784 1231 852 1292; x_wconf 89' lang='grc' dir='ltr'><strong><em>ΒΓ</em></strong></span> <span class='ocrx_word' id='word_1_101' title='bbox 876 1229 959 1314; x_wconf 81' lang='grc' dir='ltr'><strong><em>πρὸς</em></strong></span> <span class='ocrx_word' id='word_1_102' title='bbox 981 1233 1066 1293; x_wconf 84' lang='lat' dir='ltr'><strong><em>AB·</em></strong></span> <span class='ocrx_word' id='word_1_103' title='bbox 1087 1239 1120 1286; x_wconf 89' lang='lat'><strong><em>10</em></strong></span> 
     </span>
     <span class='ocr_line' id='line_1_12' title="bbox 57 1331 1065 1420; baseline 0 -21"><span class='ocrx_word' id='word_1_104' title='bbox 57 1333 192 1400; x_wconf 83' lang='grc' dir='ltr'><strong><em>δέδοται</em></strong></span> <span class='ocrx_word' id='word_1_105' title='bbox 215 1331 252 1399; x_wconf 72' lang='grc' dir='ltr'><strong><em>δὲ</em></strong></span> <span class='ocrx_word' id='word_1_106' title='bbox 274 1336 311 1400; x_wconf 93' lang='grc' dir='ltr'><strong><em>τὸ</em></strong></span> <span class='ocrx_word' id='word_1_107' title='bbox 330 1334 393 1400; x_wconf 78' lang='grc' dir='ltr'><strong><em>ἀπὸ</em></strong></span> <span class='ocrx_word' id='word_1_108' title='bbox 413 1345 470 1419; x_wconf 78' lang='grc' dir='ltr'><strong><em>τῆς</em></strong></span> <span class='ocrx_word' id='word_1_109' title='bbox 488 1338 556 1399; x_wconf 99' lang='grc' dir='ltr'><strong><em>ΒΓ</em></strong></span> <span class='ocrx_word' id='word_1_110' title='bbox 573 1335 655 1420; x_wconf 83' lang='grc' dir='ltr'><strong><em>πρὸς</em></strong></span> <span class='ocrx_word' id='word_1_111' title='bbox 672 1335 709 1398; x_wconf 90' lang='grc' dir='ltr'><strong><em>τὸ</em></strong></span> <span class='ocrx_word' id='word_1_112' title='bbox 728 1333 793 1398; x_wconf 79' lang='grc' dir='ltr'><strong><em>ὑπὸ</em></strong></span> <span class='ocrx_word' id='word_1_113' title='bbox 812 1347 878 1400; x_wconf 86' lang='grc' dir='ltr'><strong><em>τών</em></strong></span> <span class='ocrx_word' id='word_1_114' title='bbox 897 1338 970 1419; x_wconf 90' lang='grc' dir='ltr'><strong><em>ΒΓ,</em></strong></span> <span class='ocrx_word' id='word_1_115' title='bbox 984 1339 1065 1399; x_wconf 87' lang='lat' dir='ltr'><strong><em>AE·</em></strong></span> 
     </span>
     <span class='ocr_line' id='line_1_13' title="bbox 43 1438 1067 1526; baseline -0.001 -20"><span class='ocrx_word' id='word_1_116' title='bbox 43 1441 165 1518; x_wconf 77' lang='grc' dir='ltr'><strong><em>ὀὕτως</em></strong></span> <span class='ocrx_word' id='word_1_117' title='bbox 187 1441 250 1526; x_wconf 86' lang='grc' dir='ltr'><strong><em>γὰρ</em></strong></span> <span class='ocrx_word' id='word_1_118' title='bbox 274 1440 407 1525; x_wconf 77' lang='grc' dir='ltr'><strong><em>ἐδείχθη</em></strong></span> <span class='ocrx_word' id='word_1_119' title='bbox 425 1442 489 1526; x_wconf 83' lang='grc' dir='ltr'><strong><em>πρὸ</em></strong></span> <span class='ocrx_word' id='word_1_120' title='bbox 509 1447 642 1525; x_wconf 83' lang='grc' dir='ltr'><strong><em>μικροῦ·</em></strong></span> <span class='ocrx_word' id='word_1_121' title='bbox 667 1438 799 1504; x_wconf 82' lang='grc' dir='ltr'><strong><em>δέδοται</em></strong></span> <span class='ocrx_word' id='word_1_122' title='bbox 817 1442 881 1526; x_wconf 87' lang='grc' dir='ltr'><strong><em>άρα</em></strong></span> <span class='ocrx_word' id='word_1_123' title='bbox 899 1438 954 1504; x_wconf 81' lang='grc' dir='ltr'><strong><em>καὶ</em></strong></span> <span class='ocrx_word' id='word_1_124' title='bbox 973 1441 990 1506; x_wconf 90' lang='grc' dir='ltr'>ὁ</span> <span class='ocrx_word' id='word_1_125' title='bbox 1009 1450 1067 1525; x_wconf 77' lang='grc' dir='ltr'><strong><em>τῆς</em></strong></span> 
     </span>
     <span class='ocr_line' id='line_1_14' title="bbox 57 1548 444 1633; baseline -0.003 -21"><span class='ocrx_word' id='word_1_126' title='bbox 57 1550 127 1612; x_wconf 91' lang='grc' dir='ltr'><strong><em>ΒΓ</em></strong></span> <span class='ocrx_word' id='word_1_127' title='bbox 143 1548 227 1633; x_wconf 82' lang='grc' dir='ltr'><strong><em>πρὸς</em></strong></span> <span class='ocrx_word' id='word_1_128' title='bbox 249 1552 318 1612; x_wconf 84' lang='grc' dir='ltr'><strong><em>ΑΕ</em></strong></span> <span class='ocrx_word' id='word_1_129' title='bbox 338 1550 444 1629; x_wconf 81' lang='grc' dir='ltr'><strong><em>λόγος.</em></strong></span> 
     </span>
    </p>

    <p class='ocr_par' dir='ltr' id='par_1_4' title="bbox 56 1650 1118 1843">
     <span class='ocr_line' id='line_1_15' title="bbox 126 1650 1066 1739; baseline -0.002 -21"><span class='ocrx_word' id='word_1_130' title='bbox 126 1654 199 1718; x_wconf 76' lang='grc'><strong>170.</strong></span> <span class='ocrx_word' id='word_1_131' title='bbox 231 1651 297 1718; x_wconf 84' lang='grc' dir='ltr'><strong><em>Καὶ</em></strong></span> <span class='ocrx_word' id='word_1_132' title='bbox 320 1653 501 1739; x_wconf 76' lang='grc' dir='ltr'><strong><em>γεγράφθω</em></strong></span> <span class='ocrx_word' id='word_1_133' title='bbox 526 1650 578 1717; x_wconf 82' lang='grc' dir='ltr'><strong><em>εἰιὶ</em></strong></span> <span class='ocrx_word' id='word_1_134' title='bbox 606 1661 662 1735; x_wconf 78' lang='grc' dir='ltr'><strong><em>τῆς</em></strong></span> <span class='ocrx_word' id='word_1_135' title='bbox 686 1656 759 1716; x_wconf 92' lang='grc' dir='ltr'><strong><em>ΖΗ</em></strong></span> <span class='ocrx_word' id='word_1_136' title='bbox 781 1675 811 1736; x_wconf 90' lang='lat' dir='ltr'><strong><em>p.</em></strong></span> <span class='ocrx_word' id='word_1_137' title='bbox 833 1653 905 1735; x_wconf 76' lang='lat'><strong><em>156,</em></strong></span> <span class='ocrx_word' id='word_1_138' title='bbox 930 1651 985 1736; x_wconf 83' lang='lat'><strong><em>19]</em></strong></span> <span class='ocrx_word' id='word_1_139' title='bbox 1010 1652 1066 1716; x_wconf 88' lang='grc' dir='ltr'><strong><em>διά</em></strong></span> 
     </span>
     <span class='ocr_line' id='line_1_16' title="bbox 56 1757 1118 1843; baseline -0.007 -19"><span class='ocrx_word' id='word_1_140' title='bbox 56 1761 94 1824; x_wconf 91' lang='grc' dir='ltr'><strong><em>τὸ</em></strong></span> <span class='ocrx_word' id='word_1_141' title='bbox 118 1758 172 1842; x_wconf 82' lang='grc' dir='ltr'><strong><em>λγ’</em></strong></span> <span class='ocrx_word' id='word_1_142' title='bbox 196 1767 255 1824; x_wconf 83' lang='grc' dir='ltr'><strong><em>τοῦ</em></strong></span> <span class='ocrx_word' id='word_1_143' title='bbox 278 1757 312 1842; x_wconf 81' lang='grc' dir='ltr'><strong><em>γ’</em></strong></span> <span class='ocrx_word' id='word_1_144' title='bbox 336 1762 468 1843; x_wconf 79' lang='grc' dir='ltr'><strong><em>βιβλίου</em></strong></span> <span class='ocrx_word' id='word_1_145' title='bbox 490 1759 684 1824; x_wconf 76' lang='grc' dir='ltr'><strong><em>Εὐκλείδου.</em></strong></span> <span class='ocrx_word' id='word_1_146' title='bbox 1085 1768 1118 1817; x_wconf 83' lang='lat'><strong><em>15</em></strong></span> 
     </span>
    </p>

    <p class='ocr_par' dir='ltr' id='par_1_5' title="bbox 56 1863 1118 2586">
     <span class='ocr_line' id='line_1_17' title="bbox 126 1863 1066 1952; baseline -0.003 -22"><span class='ocrx_word' id='word_1_147' title='bbox 126 1866 199 1932; x_wconf 85' lang='lat'>171.</span> <span class='ocrx_word' id='word_1_148' title='bbox 231 1867 325 1952; x_wconf 89' lang='grc' dir='ltr'><strong><em>Πρὸς</em></strong></span> <span class='ocrx_word' id='word_1_149' title='bbox 347 1867 408 1949; x_wconf 79' lang='grc' dir='ltr'><strong><em>τὴν</em></strong></span> <span class='ocrx_word' id='word_1_150' title='bbox 431 1871 499 1930; x_wconf 85' lang='grc' dir='ltr'><strong><em>ΑΕ</em></strong></span> <span class='ocrx_word' id='word_1_151' title='bbox 525 1866 638 1940; x_wconf 89' lang='grc' dir='ltr'><strong><em>δοθείς</em></strong></span> <span class='ocrx_word' id='word_1_152' title='bbox 661 1864 706 1948; x_wconf 88' lang='lat' dir='ltr'><strong><em>[p.</em></strong></span> <span class='ocrx_word' id='word_1_153' title='bbox 731 1864 808 1948; x_wconf 80' lang='lat'><strong>158,</strong></span> <span class='ocrx_word' id='word_1_154' title='bbox 830 1863 875 1947; x_wconf 81' lang='lat'><strong><em>4].</em></strong></span> <span class='ocrx_word' id='word_1_155' title='bbox 922 1864 980 1928; x_wconf 82' lang='grc' dir='ltr'><strong><em>ἐάν</em></strong></span> <span class='ocrx_word' id='word_1_156' title='bbox 1003 1865 1066 1949; x_wconf 84' lang='grc' dir='ltr'><strong><em>γάρ</em></strong></span> 
     </span>
     <span class='ocr_line' id='line_1_18' title="bbox 57 1969 1066 2057; baseline -0.001 -21"><span class='ocrx_word' id='word_1_157' title='bbox 57 1972 115 2036; x_wconf 81' lang='grc' dir='ltr'><strong><em>διὰ</em></strong></span> <span class='ocrx_word' id='word_1_158' title='bbox 138 1983 205 2036; x_wconf 83' lang='grc' dir='ltr'><strong><em>τών</em></strong></span> <span class='ocrx_word' id='word_1_159' title='bbox 229 1975 265 2056; x_wconf 84' lang='grc' dir='ltr'><strong><em>Γ,</em></strong></span> <span class='ocrx_word' id='word_1_160' title='bbox 284 1976 312 2036; x_wconf 93' lang='grc' dir='ltr'><strong><em>Β</em></strong></span> <span class='ocrx_word' id='word_1_161' title='bbox 335 1981 374 2057; x_wconf 77' lang='grc' dir='ltr'><strong><em>τῇ</em></strong></span> <span class='ocrx_word' id='word_1_162' title='bbox 397 1976 460 2036; x_wconf 87' lang='lat' dir='ltr'><em>EA</em></span> <span class='ocrx_word' id='word_1_163' title='bbox 481 1972 711 2055; x_wconf 79' lang='grc' dir='ltr'><strong><em>παραλλήλους</em></strong></span> <span class='ocrx_word' id='word_1_164' title='bbox 735 1969 922 2053; x_wconf 84' lang='grc' dir='ltr'><strong><em>ἀγάγωμεν,</em></strong></span> <span class='ocrx_word' id='word_1_165' title='bbox 945 1969 1066 2053; x_wconf 83' lang='grc' dir='ltr'><strong><em>ὁμοίως</em></strong></span> 
     </span>
     <span class='ocr_line' id='line_1_19' title="bbox 58 2074 1066 2162; baseline 0 -21"><span class='ocrx_word' id='word_1_166' title='bbox 58 2074 96 2142; x_wconf 72' lang='grc' dir='ltr'><strong><em>δὲ</em></strong></span> <span class='ocrx_word' id='word_1_167' title='bbox 117 2075 173 2142; x_wconf 82' lang='grc' dir='ltr'><strong><em>καὶ</em></strong></span> <span class='ocrx_word' id='word_1_168' title='bbox 196 2077 252 2141; x_wconf 85' lang='grc' dir='ltr'><strong><em>διά</em></strong></span> <span class='ocrx_word' id='word_1_169' title='bbox 272 2085 332 2142; x_wconf 86' lang='grc' dir='ltr'><strong><em>τοῦ</em></strong></span> <span class='ocrx_word' id='word_1_170' title='bbox 351 2082 383 2140; x_wconf 93' lang='grc' dir='ltr'><em>Α</em></span> <span class='ocrx_word' id='word_1_171' title='bbox 405 2086 444 2162; x_wconf 77' lang='grc' dir='ltr'><strong><em>τῇ</em></strong></span> <span class='ocrx_word' id='word_1_172' title='bbox 464 2080 536 2159; x_wconf 92' lang='grc' dir='ltr'><strong><em>ΒΓ,</em></strong></span> <span class='ocrx_word' id='word_1_173' title='bbox 561 2079 650 2140; x_wconf 78' lang='grc' dir='ltr'><strong><em>ἔσται</em></strong></span> <span class='ocrx_word' id='word_1_174' title='bbox 668 2077 705 2140; x_wconf 90' lang='grc' dir='ltr'><strong><em>τὸ</em></strong></span> <span class='ocrx_word' id='word_1_175' title='bbox 724 2077 1066 2160; x_wconf 78' lang='grc' dir='ltr'><strong><em>παραλληλόγραμμον</em></strong></span> 
     </span>
     <span class='ocr_line' id='line_1_20' title="bbox 57 2179 1065 2270; baseline -0.002 -22"><span class='ocrx_word' id='word_1_176' title='bbox 57 2182 269 2270; x_wconf 72' lang='grc' dir='ltr'><strong><em>ὀρθογώνιον</em></strong></span> <span class='ocrx_word' id='word_1_177' title='bbox 292 2183 348 2246; x_wconf 89' lang='grc' dir='ltr'><strong><em>διά</em></strong></span> <span class='ocrx_word' id='word_1_178' title='bbox 367 2184 407 2250; x_wconf 76' lang='grc' dir='ltr'><strong><em>τὸ</em></strong></span> <span class='ocrx_word' id='word_1_179' title='bbox 432 2189 505 2258; x_wconf 85' lang='grc' dir='ltr'><strong><em>ίσας</em></strong></span> <span class='ocrx_word' id='word_1_180' title='bbox 528 2185 682 2264; x_wconf 85' lang='grc' dir='ltr'><strong><em>γίνεσθαι</em></strong></span> <span class='ocrx_word' id='word_1_181' title='bbox 704 2182 762 2258; x_wconf 86' lang='grc' dir='ltr'><strong><em>τάς</em></strong></span> <span class='ocrx_word' id='word_1_182' title='bbox 785 2184 908 2264; x_wconf 87' lang='grc' dir='ltr'><strong><em>γωνίας</em></strong></span> <span class='ocrx_word' id='word_1_183' title='bbox 926 2179 1065 2266; x_wconf 79' lang='grc' dir='ltr'><strong><em>ἑκάστην</em></strong></span> 
     </span>
     <span class='ocr_line' id='line_1_21' title="bbox 57 2289 1118 2376; baseline -0.005 -23"><span class='ocrx_word' id='word_1_184' title='bbox 57 2300 97 2376; x_wconf 77' lang='grc' dir='ltr'><strong><em>τῇ</em></strong></span> <span class='ocrx_word' id='word_1_185' title='bbox 120 2289 186 2353; x_wconf 83' lang='grc' dir='ltr'><strong><em>ὑπὸ</em></strong></span> <span class='ocrx_word' id='word_1_186' title='bbox 210 2292 326 2353; x_wconf 88' lang='grc' dir='ltr'><strong><em>ΑΕΓ·</em></strong></span> <span class='ocrx_word' id='word_1_187' title='bbox 359 2290 538 2371; x_wconf 81' lang='grc' dir='ltr'><strong><em>δοθήσεται</em></strong></span> <span class='ocrx_word' id='word_1_188' title='bbox 561 2291 625 2375; x_wconf 86' lang='grc' dir='ltr'><strong><em>άρα</em></strong></span> <span class='ocrx_word' id='word_1_189' title='bbox 653 2289 690 2353; x_wconf 87' lang='grc' dir='ltr'><strong><em>τὸ</em></strong></span> <span class='ocrx_word' id='word_1_190' title='bbox 713 2291 1065 2375; x_wconf 81' lang='grc' dir='ltr'><strong><em>παραλληλόγραμμον,</em></strong></span> <span class='ocrx_word' id='word_1_191' title='bbox 1085 2299 1118 2349; x_wconf 79' lang='lat'><strong><em>20</em></strong></span> 
     </span>
     <span class='ocr_line' id='line_1_22' title="bbox 56 2394 1064 2480; baseline -0.002 -19"><span class='ocrx_word' id='word_1_192' title='bbox 56 2394 113 2461; x_wconf 81' lang='grc' dir='ltr'><strong><em>καὶ</em></strong></span> <span class='ocrx_word' id='word_1_193' title='bbox 136 2398 227 2460; x_wconf 80' lang='grc' dir='ltr'><strong><em>ἔσται</em></strong></span> <span class='ocrx_word' id='word_1_194' title='bbox 249 2396 347 2477; x_wconf 83' lang='grc' dir='ltr'><strong><em>λόγος</em></strong></span> <span class='ocrx_word' id='word_1_195' title='bbox 369 2405 426 2478; x_wconf 79' lang='grc' dir='ltr'><strong><em>τῆς</em></strong></span> <span class='ocrx_word' id='word_1_196' title='bbox 449 2398 517 2459; x_wconf 97' lang='grc' dir='ltr'><strong><em>ΒΓ</em></strong></span> <span class='ocrx_word' id='word_1_197' title='bbox 533 2396 615 2480; x_wconf 83' lang='grc' dir='ltr'><strong><em>πρὸς</em></strong></span> <span class='ocrx_word' id='word_1_198' title='bbox 637 2395 698 2478; x_wconf 73' lang='grc' dir='ltr'><strong><em>τὴν</em></strong></span> <span class='ocrx_word' id='word_1_199' title='bbox 721 2398 798 2459; x_wconf 91' lang='grc' dir='ltr'><strong><em>ΓΜ</em></strong></span> <span class='ocrx_word' id='word_1_200' title='bbox 816 2395 943 2477; x_wconf 83' lang='grc' dir='ltr'><strong><em>δοθείς,</em></strong></span> <span class='ocrx_word' id='word_1_201' title='bbox 971 2418 1064 2459; x_wconf 89' lang='grc' dir='ltr'><strong><em>τουτ-</em></strong></span> 
     </span>
     <span class='ocr_line' id='line_1_23' title="bbox 56 2500 883 2586; baseline -0.005 -19"><span class='ocrx_word' id='word_1_202' title='bbox 56 2501 127 2567; x_wconf 80' lang='grc' dir='ltr'><strong><em>έστι</em></strong></span> <span class='ocrx_word' id='word_1_203' title='bbox 149 2503 232 2586; x_wconf 83' lang='grc' dir='ltr'><strong><em>πρὸς</em></strong></span> <span class='ocrx_word' id='word_1_204' title='bbox 254 2502 314 2584; x_wconf 81' lang='grc' dir='ltr'><strong><em>τὴν</em></strong></span> <span class='ocrx_word' id='word_1_205' title='bbox 337 2506 416 2566; x_wconf 88' lang='lat' dir='ltr'><strong><em>EA·</em></strong></span> <span class='ocrx_word' id='word_1_206' title='bbox 446 2507 500 2583; x_wconf 83' lang='grc' dir='ltr'><strong><em>ίσιγ</em></strong></span> <span class='ocrx_word' id='word_1_207' title='bbox 523 2502 585 2586; x_wconf 88' lang='grc' dir='ltr'><strong><em>γάρ</em></strong></span> <span class='ocrx_word' id='word_1_208' title='bbox 608 2500 629 2584; x_wconf 77' lang='grc' dir='ltr'><em>ἡ</em></span> <span class='ocrx_word' id='word_1_209' title='bbox 653 2504 729 2564; x_wconf 89' lang='grc' dir='ltr'><strong><em>ΓΜ</em></strong></span> <span class='ocrx_word' id='word_1_210' title='bbox 746 2509 785 2584; x_wconf 71' lang='grc' dir='ltr'><strong><em>τῇ</em></strong></span> <span class='ocrx_word' id='word_1_211' title='bbox 808 2505 883 2564; x_wconf 89' lang='lat' dir='ltr'><strong><em>EA.</em></strong></span> 
     </span>
    </p>

    <p class='ocr_par' dir='ltr' id='par_1_6' title="bbox 130 2636 971 2707">
     <span class='ocr_line' id='line_1_24' title="bbox 130 2636 971 2707; baseline -0.004 -14"><span class='ocrx_word' id='word_1_212' title='bbox 130 2645 181 2693; x_wconf 90' lang='grc'><strong><em>169</em></strong></span> <span class='ocrx_word' id='word_1_213' title='bbox 200 2638 406 2707; x_wconf 73' lang='grc' dir='ltr'><strong><em>ΡΝιιλ.νσρλ.</em></strong></span> <span class='ocrx_word' id='word_1_214' title='bbox 476 2637 618 2692; x_wconf 78' lang='grc' dir='ltr'><strong><em>170.Ρ1λ.</em></strong></span> <span class='ocrx_word' id='word_1_215' title='bbox 692 2642 751 2692; x_wconf 81' lang='grc'><strong>171.</strong></span> <span class='ocrx_word' id='word_1_216' title='bbox 771 2636 971 2705; x_wconf 60' lang='grc' dir='ltr'><strong><em>ΡΙλυδασρλ.</em></strong></span> 
     </span>
    </p>
   </div>
   <div class='ocr_carea' id='block_1_3' title="bbox 55 2757 1068 3542">
    <p class='ocr_par' dir='ltr' id='par_1_7' title="bbox 55 2757 1068 3542">
     <span class='ocr_line' id='line_1_25' title="bbox 129 2757 1062 2834; baseline -0.002 -17"><span class='ocrx_word' id='word_1_217' title='bbox 129 2769 153 2817; x_wconf 81' lang='grc'><strong><em>2.</em></strong></span> <span class='ocrx_word' id='word_1_218' title='bbox 176 2761 263 2834; x_wconf 73' lang='grc' dir='ltr'><strong><em>ἔσται]</em></strong></span> <span class='ocrx_word' id='word_1_219' title='bbox 282 2762 338 2817; x_wconf 81' lang='grc' dir='ltr'><strong><em>ἀπὸ</em></strong></span> <span class='ocrx_word' id='word_1_220' title='bbox 356 2761 395 2815; x_wconf 84' lang='grc' dir='ltr'><strong><em>Ιλ.</em></strong></span> <span class='ocrx_word' id='word_1_221' title='bbox 486 2767 511 2815; x_wconf 86' lang='grc'><strong><em>4.</em></strong></span> <span class='ocrx_word' id='word_1_222' title='bbox 536 2758 647 2832; x_wconf 84' lang='grc' dir='ltr'><strong><em>ὁμοίως]</em></strong></span> <span class='ocrx_word' id='word_1_223' title='bbox 668 2758 754 2822; x_wconf 70' lang='grc' dir='ltr'><strong><em>οὕτως</em></strong></span> <span class='ocrx_word' id='word_1_224' title='bbox 773 2781 796 2828; x_wconf 87' lang='grc' dir='ltr'><strong><em>ρ.</em></strong></span> <span class='ocrx_word' id='word_1_225' title='bbox 887 2765 910 2815; x_wconf 89' lang='grc'><strong><em>6.</em></strong></span> <span class='ocrx_word' id='word_1_226' title='bbox 929 2757 965 2813; x_wconf 89' lang='grc' dir='ltr'><strong><em>τά</em></strong></span> <span class='ocrx_word' id='word_1_227' title='bbox 985 2791 1016 2799; x_wconf 95' lang='grc'><strong>-</strong></span> <span class='ocrx_word' id='word_1_228' title='bbox 1039 2767 1062 2815; x_wconf 84' lang='grc'><strong><em>7.</em></strong></span> 
     </span>
     <span class='ocr_line' id='line_1_26' title="bbox 56 2827 1062 2906; baseline -0.003 -18"><span class='ocrx_word' id='word_1_229' title='bbox 56 2835 118 2906; x_wconf 91' lang='lat' dir='ltr'><em>BA]</em></span> <span class='ocrx_word' id='word_1_230' title='bbox 139 2850 192 2888; x_wconf 86' lang='lat' dir='ltr'><strong><em>om.</em></strong></span> <span class='ocrx_word' id='word_1_231' title='bbox 207 2834 322 2901; x_wconf 49' lang='lat' dir='ltr'><strong><em>Vanae,</em></strong></span> <span class='ocrx_word' id='word_1_232' title='bbox 404 2839 427 2886; x_wconf 89' lang='lat'><strong><em>6.</em></strong></span> <span class='ocrx_word' id='word_1_233' title='bbox 447 2840 496 2886; x_wconf 78' lang='grc' dir='ltr'><strong><em>τοῦ</em></strong></span> <span class='ocrx_word' id='word_1_234' title='bbox 512 2863 545 2872; x_wconf 88' lang='grc'><strong>-</strong></span> <span class='ocrx_word' id='word_1_235' title='bbox 565 2830 611 2885; x_wconf 88' lang='grc' dir='ltr'><strong><em>ίσα</em></strong></span> <span class='ocrx_word' id='word_1_236' title='bbox 641 2836 679 2904; x_wconf 81' lang='grc' dir='ltr'><strong><em>τῷ</em></strong></span> <span class='ocrx_word' id='word_1_237' title='bbox 698 2833 772 2903; x_wconf 77' lang='grc' dir='ltr'><strong><em>αὐτῷ</em></strong></span> <span class='ocrx_word' id='word_1_238' title='bbox 791 2830 837 2884; x_wconf 86' lang='grc' dir='ltr'><strong><em>ίσα</em></strong></span> <span class='ocrx_word' id='word_1_239' title='bbox 856 2827 905 2885; x_wconf 88' lang='grc' dir='ltr'><strong><em>καί</em></strong></span> <span class='ocrx_word' id='word_1_240' title='bbox 922 2834 945 2884; x_wconf 92' lang='grc' dir='ltr'><strong><em>λ.</em></strong></span> <span class='ocrx_word' id='word_1_241' title='bbox 1020 2836 1062 2885; x_wconf 88' lang='grc'><strong><em>10.</em></strong></span> 
     </span>
     <span class='ocr_line' id='line_1_27' title="bbox 55 2901 1051 2976; baseline -0.004 -17"><span class='ocrx_word' id='word_1_242' title='bbox 55 2904 311 2976; x_wconf 68' lang='grc' dir='ltr'><strong><em>τό(ο1ι.)]οω.1ι.</em></strong></span> <span class='ocrx_word' id='word_1_243' title='bbox 384 2910 425 2957; x_wconf 93' lang='lat'><strong><em>11.</em></strong></span> <span class='ocrx_word' id='word_1_244' title='bbox 445 2901 489 2975; x_wconf 78' lang='grc' dir='ltr'><strong><em>δε]</em></strong></span> <span class='ocrx_word' id='word_1_245' title='bbox 509 2902 565 2970; x_wconf 81' lang='grc' dir='ltr'><strong><em>ἄρα</em></strong></span> <span class='ocrx_word' id='word_1_246' title='bbox 583 2905 614 2957; x_wconf 84' lang='grc' dir='ltr'><strong><em>δε</em></strong></span> <span class='ocrx_word' id='word_1_247' title='bbox 633 2923 656 2970; x_wconf 88' lang='grc' dir='ltr'><strong><em>ρ.</em></strong></span> <span class='ocrx_word' id='word_1_248' title='bbox 730 2907 772 2956; x_wconf 89' lang='grc'><strong><em>16.</em></strong></span> <span class='ocrx_word' id='word_1_249' title='bbox 791 2902 842 2969; x_wconf 84' lang='grc' dir='ltr'><strong><em>τήν</em></strong></span> <span class='ocrx_word' id='word_1_250' title='bbox 862 2933 894 2941; x_wconf 91' lang='grc'>-</span> <span class='ocrx_word' id='word_1_251' title='bbox 914 2903 1051 2956; x_wconf 80' lang='grc' dir='ltr'><strong><em>δοθεῖσαν</em></strong></span> 
     </span>
     <span class='ocr_line' id='line_1_28' title="bbox 55 2972 1052 3045; baseline -0.002 -16"><span class='ocrx_word' id='word_1_252' title='bbox 55 2976 88 3030; x_wconf 87' lang='grc' dir='ltr'><strong><em>τό</em></strong></span> <span class='ocrx_word' id='word_1_253' title='bbox 107 3008 141 3015; x_wconf 99' lang='grc'>-</span> <span class='ocrx_word' id='word_1_254' title='bbox 162 2973 251 3030; x_wconf 77' lang='grc' dir='ltr'><strong><em>δοθέν</em></strong></span> <span class='ocrx_word' id='word_1_255' title='bbox 269 2974 334 3028; x_wconf 86' lang='grc' dir='ltr'><strong><em>ΡΙλ.</em></strong></span> <span class='ocrx_word' id='word_1_256' title='bbox 417 2980 458 3028; x_wconf 79' lang='grc'><strong><em>17.</em></strong></span> <span class='ocrx_word' id='word_1_257' title='bbox 477 2975 545 3045; x_wconf 82' lang='grc' dir='ltr'><strong><em>τῶν]</em></strong></span> <span class='ocrx_word' id='word_1_258' title='bbox 563 2973 614 3042; x_wconf 80' lang='grc' dir='ltr'><strong><em>τήν</em></strong></span> <span class='ocrx_word' id='word_1_259' title='bbox 632 2973 651 3042; x_wconf 80' lang='lat' dir='ltr'><strong><em>l,</em></strong></span> <span class='ocrx_word' id='word_1_260' title='bbox 670 2981 718 3027; x_wconf 77' lang='grc' dir='ltr'><strong><em>τοῦ</em></strong></span> <span class='ocrx_word' id='word_1_261' title='bbox 738 2990 781 3040; x_wconf 89' lang='grc' dir='ltr'><strong><em>σρ.</em></strong></span> <span class='ocrx_word' id='word_1_262' title='bbox 860 2972 1052 3041; x_wconf 81' lang='grc' dir='ltr'><strong><em>παραλλήλους</em></strong></span> 
     </span>
     <span class='ocr_line' id='line_1_29' title="bbox 57 3042 1052 3117; baseline -0.003 -17"><span class='ocrx_word' id='word_1_263' title='bbox 57 3066 106 3102; x_wconf 92' lang='grc' dir='ltr'><strong><em>-ον</em></strong></span> <span class='ocrx_word' id='word_1_264' title='bbox 125 3065 151 3100; x_wconf 74' lang='lat' dir='ltr'><strong><em>V.</em></strong></span> <span class='ocrx_word' id='word_1_265' title='bbox 206 3043 366 3117; x_wconf 84' lang='grc' dir='ltr'><strong><em>ἀγάγωμεν]</em></strong></span> <span class='ocrx_word' id='word_1_266' title='bbox 385 3045 495 3114; x_wconf 84' lang='grc' dir='ltr'><strong><em>άγωμεν</em></strong></span> <span class='ocrx_word' id='word_1_267' title='bbox 514 3063 536 3099; x_wconf 83' lang='grc' dir='ltr'><strong><em>ο.</em></strong></span> <span class='ocrx_word' id='word_1_268' title='bbox 597 3042 708 3115; x_wconf 84' lang='grc' dir='ltr'><strong><em>ὁμοίως]</em></strong></span> <span class='ocrx_word' id='word_1_269' title='bbox 728 3044 796 3112; x_wconf 81' lang='grc' dir='ltr'><strong><em>ὁμοῦ</em></strong></span> <span class='ocrx_word' id='word_1_270' title='bbox 816 3065 839 3112; x_wconf 87' lang='grc' dir='ltr'><strong><em>ρ.</em></strong></span> <span class='ocrx_word' id='word_1_271' title='bbox 913 3049 953 3098; x_wconf 88' lang='grc'><strong><em>18.</em></strong></span> <span class='ocrx_word' id='word_1_272' title='bbox 975 3042 1052 3097; x_wconf 74' lang='grc' dir='ltr'><strong><em>ἔσται</em></strong></span> 
     </span>
     <span class='ocr_line' id='line_1_30' title="bbox 56 3112 1062 3187; baseline -0.002 -16"><span class='ocrx_word' id='word_1_273' title='bbox 56 3135 146 3186; x_wconf 85' lang='lat' dir='ltr'>comp.</span> <span class='ocrx_word' id='word_1_274' title='bbox 165 3117 266 3187; x_wconf 74' lang='lat' dir='ltr'><strong>PVat.‚</strong></span> <span class='ocrx_word' id='word_1_275' title='bbox 286 3137 304 3170; x_wconf 90' lang='grc' dir='ltr'><strong><em>α</em></strong></span> <span class='ocrx_word' id='word_1_276' title='bbox 323 3116 340 3170; x_wconf 90' lang='lat' dir='ltr'><strong><em>l.</em></strong></span> <span class='ocrx_word' id='word_1_277' title='bbox 405 3121 445 3171; x_wconf 84' lang='grc'><strong><em>19.</em></strong></span> <span class='ocrx_word' id='word_1_278' title='bbox 466 3116 654 3187; x_wconf 84' lang='grc' dir='ltr'><strong><em>ὀρθογώνιον]</em></strong></span> <span class='ocrx_word' id='word_1_279' title='bbox 674 3115 766 3184; x_wconf 80' lang='grc' dir='ltr'><strong><em>ὀρθὴν</em></strong></span> <span class='ocrx_word' id='word_1_280' title='bbox 786 3118 894 3184; x_wconf 85' lang='lat' dir='ltr'><strong>(comp.)</strong></span> <span class='ocrx_word' id='word_1_281' title='bbox 914 3112 1019 3185; x_wconf 83' lang='grc' dir='ltr'><strong><em>γωνίαν</em></strong></span> <span class='ocrx_word' id='word_1_282' title='bbox 1039 3135 1062 3182; x_wconf 86' lang='grc' dir='ltr'><strong><em>ρ.</em></strong></span> 
     </span>
     <span class='ocr_line' id='line_1_31' title="bbox 90 3183 1068 3332; baseline -0.007 -89"><span class='ocrx_word' id='word_1_283' title='bbox 90 3189 138 3332; x_wconf 51' lang='grc' dir='ltr'><strong><em>γόγ</em></strong></span> <span class='ocrx_word' id='word_1_284' title='bbox 158 3196 207 3242; x_wconf 80' lang='grc' dir='ltr'><strong><em>τοῦ</em></strong></span> <span class='ocrx_word' id='word_1_285' title='bbox 227 3209 249 3256; x_wconf 88' lang='grc' dir='ltr'><strong><em>ρ.</em></strong></span> <span class='ocrx_word' id='word_1_286' title='bbox 305 3186 378 3258; x_wconf 87' lang='grc' dir='ltr'><strong><em>ίσας]</em></strong></span> <span class='ocrx_word' id='word_1_287' title='bbox 394 3185 455 3249; x_wconf 84' lang='grc' dir='ltr'><strong><em>ίσας</em></strong></span> <span class='ocrx_word' id='word_1_288' title='bbox 468 3185 570 3257; x_wconf 86' lang='grc' dir='ltr'><strong><em>γωνίας</em></strong></span> <span class='ocrx_word' id='word_1_289' title='bbox 584 3207 608 3254; x_wconf 86' lang='grc' dir='ltr'><strong><em>ρ.</em></strong></span> <span class='ocrx_word' id='word_1_290' title='bbox 663 3184 779 3312; x_wconf 39' lang='lat' dir='ltr'><strong><em>ymas}</em></strong></span> <span class='ocrx_word' id='word_1_291' title='bbox 797 3203 849 3241; x_wconf 89' lang='lat' dir='ltr'><strong><em>om.</em></strong></span> <span class='ocrx_word' id='word_1_292' title='bbox 865 3207 888 3254; x_wconf 88' lang='grc' dir='ltr'><strong><em>ρ.</em></strong></span> <span class='ocrx_word' id='word_1_293' title='bbox 944 3183 1068 3253; x_wconf 78' lang='grc' dir='ltr'><strong><em>ἑκάστην.</em></strong></span> 
     </span>
     <span class='ocr_line' id='line_1_32' title="bbox 55 3280 71 3313; baseline 0 0"><span class='ocrx_word' id='word_1_294' title='bbox 55 3280 71 3313; x_wconf 87' lang='grc' dir='ltr'><strong><em>τ</em></strong></span> 
     </span>
     <span class='ocr_line' id='line_1_33' title="bbox 71 3268 1062 3397; baseline -0.002 -12"><span class='ocrx_word' id='word_1_295' title='bbox 71 3268 136 3385; x_wconf 60' lang='grc'><strong><em>1120.</em></strong></span> <span class='ocrx_word' id='word_1_296' title='bbox 157 3327 317 3384; x_wconf 83' lang='grc' dir='ltr'><strong><em>δοθείσεται</em></strong></span> <span class='ocrx_word' id='word_1_297' title='bbox 335 3329 434 3397; x_wconf 61' lang='grc' dir='ltr'><strong><em>Γαλρ,</em></strong></span> <span class='ocrx_word' id='word_1_298' title='bbox 456 3346 523 3384; x_wconf 75' lang='lat' dir='ltr'>corr.</span> <span class='ocrx_word' id='word_1_299' title='bbox 544 3348 569 3382; x_wconf 88' lang='grc' dir='ltr'><strong><em>ει</em></strong></span> <span class='ocrx_word' id='word_1_300' title='bbox 586 3329 617 3380; x_wconf 88' lang='lat' dir='ltr'><strong><em>in</em></strong></span> <span class='ocrx_word' id='word_1_301' title='bbox 635 3349 661 3397; x_wconf 80' lang='grc' dir='ltr'><strong><em>η.</em></strong></span> <span class='ocrx_word' id='word_1_302' title='bbox 747 3334 788 3384; x_wconf 73' lang='lat'><strong><em>21.</em></strong></span> <span class='ocrx_word' id='word_1_303' title='bbox 808 3325 948 3383; x_wconf 77' lang='grc' dir='ltr'><strong><em>τουτέστιν</em></strong></span> <span class='ocrx_word' id='word_1_304' title='bbox 967 3359 999 3368; x_wconf 92' lang='lat'>-</span> <span class='ocrx_word' id='word_1_305' title='bbox 1021 3333 1062 3383; x_wconf 78' lang='lat'><strong><em>22.</em></strong></span> 
     </span>
     <span class='ocr_line' id='line_1_34' title="bbox 57 3397 1063 3473; baseline -0.004 -18"><span class='ocrx_word' id='word_1_306' title='bbox 57 3402 122 3473; x_wconf 87' lang='lat' dir='ltr'><em>EA]</em></span> <span class='ocrx_word' id='word_1_307' title='bbox 147 3417 200 3456; x_wconf 88' lang='lat' dir='ltr'><strong><em>om.</em></strong></span> <span class='ocrx_word' id='word_1_308' title='bbox 219 3419 245 3456; x_wconf 82' lang='lat' dir='ltr'><strong><em>v.</em></strong></span> <span class='ocrx_word' id='word_1_309' title='bbox 318 3405 359 3454; x_wconf 79' lang='lat'><strong><em>22.</em></strong></span> <span class='ocrx_word' id='word_1_310' title='bbox 385 3404 435 3453; x_wconf 88' lang='lat' dir='ltr'><em>EA</em></span> <span class='ocrx_word' id='word_1_311' title='bbox 475 3403 535 3454; x_wconf 88' lang='grc' dir='ltr'><strong><em>ΕΗ</em></strong></span> <span class='ocrx_word' id='word_1_312' title='bbox 554 3400 617 3454; x_wconf 73' lang='lat' dir='ltr'>Vat.</span> <span class='ocrx_word' id='word_1_313' title='bbox 638 3402 732 3468; x_wconf 85' lang='lat' dir='ltr'><strong>(supra</strong></span> <span class='ocrx_word' id='word_1_314' title='bbox 751 3417 801 3453; x_wconf 78' lang='lat' dir='ltr'><strong>ser.</strong></span> <span class='ocrx_word' id='word_1_315' title='bbox 820 3418 855 3453; x_wconf 93' lang='lat' dir='ltr'><strong><em>m.</em></strong></span> <span class='ocrx_word' id='word_1_316' title='bbox 876 3405 891 3452; x_wconf 94' lang='lat'>1</span> <span class='ocrx_word' id='word_1_317' title='bbox 911 3397 967 3452; x_wconf 81' lang='lat' dir='ltr'>alio</span> <span class='ocrx_word' id='word_1_318' title='bbox 987 3401 1063 3452; x_wconf 72' lang='lat' dir='ltr'><strong>atra.-</strong></span> 
     </span>
     <span class='ocr_line' id='line_1_35' title="bbox 57 3469 1058 3542; baseline -0.009 -16"><span class='ocrx_word' id='word_1_319' title='bbox 57 3475 153 3526; x_wconf 76' lang='lat' dir='ltr'><strong>mento</strong></span> <span class='ocrx_word' id='word_1_320' title='bbox 172 3475 205 3542; x_wconf 88' lang='lat' dir='ltr'><em>A)</em></span> <span class='ocrx_word' id='word_1_321' title='bbox 224 3492 247 3539; x_wconf 86' lang='grc' dir='ltr'><strong><em>ρ.</em></strong></span> <span class='ocrx_word' id='word_1_322' title='bbox 321 3469 365 3540; x_wconf 85' lang='grc' dir='ltr'><strong><em>ίση</em></strong></span> <span class='ocrx_word' id='word_1_323' title='bbox 384 3469 437 3540; x_wconf 85' lang='grc' dir='ltr'><strong><em>γάρ</em></strong></span> <span class='ocrx_word' id='word_1_324' title='bbox 469 3470 600 3541; x_wconf 81' lang='grc' dir='ltr'><strong><em>ἰσογώνια</em></strong></span> <span class='ocrx_word' id='word_1_325' title='bbox 619 3487 706 3540; x_wconf 88' lang='lat' dir='ltr'><strong>comp.</strong></span> <span class='ocrx_word' id='word_1_326' title='bbox 726 3470 772 3526; x_wconf 92' lang='lat' dir='ltr'><strong><em>Pl.</em></strong></span> <span class='ocrx_word' id='word_1_327' title='bbox 1055 3511 1058 3517; x_wconf 85' lang='lat'>.</span> 
     </span>
    </p>
   </div>
   <div class='ocr_carea' id='block_1_4' title="bbox 864 3558 920 3609">
    <p class='ocr_par' dir='ltr' id='par_1_8' title="bbox 864 3558 920 3609">
     <span class='ocr_line' id='line_1_36' title="bbox 864 3558 920 3609; baseline 0 0"><span class='ocrx_word' id='word_1_328' title='bbox 864 3558 920 3609; x_wconf 55' lang='lat' dir='ltr'>W</span> 
     </span>
    </p>
   </div>
   <div class='ocr_carea' id='block_1_5' title="bbox 134 3255 1062 3328">
    <p class='ocr_par' dir='ltr' id='par_1_9' title="bbox 134 3255 1062 3328">
     <span class='ocr_line' id='line_1_37' title="bbox 134 3255 1062 3328; baseline -0.005 -14"><span class='ocrx_word' id='word_1_329' title='bbox 134 3257 237 3328; x_wconf 79' lang='grc' dir='ltr'><strong><em>κάστης</em></strong></span> <span class='ocrx_word' id='word_1_330' title='bbox 250 3258 319 3327; x_wconf 84' lang='lat' dir='ltr'>P1v,</span> <span class='ocrx_word' id='word_1_331' title='bbox 339 3257 455 3328; x_wconf 74' lang='grc' dir='ltr'><strong><em>ἑκάστης</em></strong></span> <span class='ocrx_word' id='word_1_332' title='bbox 468 3257 519 3326; x_wconf 79' lang='grc' dir='ltr'><strong><em>τήν</em></strong></span> <span class='ocrx_word' id='word_1_333' title='bbox 533 3259 606 3326; x_wconf 60' lang='grc' dir='ltr'><strong><em>ναῒ,</em></strong></span> <span class='ocrx_word' id='word_1_334' title='bbox 627 3257 647 3312; x_wconf 79' lang='grc' dir='ltr'><strong><em>ἑ.</em></strong></span> <span class='ocrx_word' id='word_1_335' title='bbox 661 3266 710 3326; x_wconf 81' lang='grc' dir='ltr'><strong><em>τῆς</em></strong></span> <span class='ocrx_word' id='word_1_336' title='bbox 724 3258 747 3327; x_wconf 82' lang='grc' dir='ltr'><strong><em>ά,</em></strong></span> <span class='ocrx_word' id='word_1_337' title='bbox 780 3256 898 3325; x_wconf 81' lang='grc' dir='ltr'><strong><em>κατέρας</em></strong></span> <span class='ocrx_word' id='word_1_338' title='bbox 911 3255 962 3326; x_wconf 79' lang='grc' dir='ltr'><strong><em>τὴν</em></strong></span> <span class='ocrx_word' id='word_1_339' title='bbox 976 3264 1024 3325; x_wconf 83' lang='grc' dir='ltr'><strong><em>τῆς</em></strong></span> <span class='ocrx_word' id='word_1_340' title='bbox 1039 3277 1062 3323; x_wconf 91' lang='grc' dir='ltr'><strong><em>ρ.</em></strong></span> 
     </span>
    </p>
   </div>
   <div class='ocr_carea' id='block_1_6' title="bbox 0 0 1182 3818">
    <p class='ocr_par' dir='ltr' id='par_1_10' title="bbox 0 0 1182 3818">
     <span class='ocr_line' id='line_1_38' title="bbox 0 0 1182 3818; baseline 0 1"><span class='ocrx_word' id='word_1_341' title='bbox 0 0 1182 3818; x_wconf 95' lang='lat' dir='ltr'><strong><em> </em></strong></span> 
     </span>
    </p>
   </div>
  </div>
 </body>
</html>
