2356 3818
124 165 187 229 136
523 167 728 219 ΔΕΔΟΜΕΝΑ.

122 305 159 373 δέ
182 310 239 385 τὰς
257 311 339 395 πρὸς
357 321 427 385 τοῖς
444 315 486 393 Α,
502 315 534 374 Α
558 311 595 374 αἴ
609 307 749 395 πλευραὶ
766 309 850 395 πρὸς
867 307 1008 392 ἀλλήλας
1024 291 1152 388 λόγᾶ

122 418 234 498 έχουσι
258 415 446 500 δεδομένον,
469 414 525 480 ααῖ
548 417 587 480 τά
605 419 929 502 παραλληλόγραμμα
947 417 1043 497 λόγον
1059 400 1155 490 ἓξίέ

123 521 301 605 δεδομένον
323 523 406 608 πρὸς
428 524 564 606 άλληλα·
598 525 695 604 λόγος
718 524 782 607 άρα
803 531 864 586 τοῦ
888 525 965 585 ΑΗ
986 522 1065 606 πρὸς
1084 507 1135 583 τὸ

122 633 155 692 Α
162 633 188 691 Ζ
216 630 338 704 δοθείς.
383 633 442 693 καί
467 629 534 692 ἐστι
562 637 622 692 τοῦ
649 624 709 712 μὲν
733 632 809 693 ΛΗ
835 629 937 712 ἥμισυ
964 629 1002 693 τὸ
1030 613 1133 691 ΑΒΓ

87 745 104 794 σ
123 739 296 818 τρίγωνον,
319 744 379 798 τοῦ
402 732 439 799 δὲ
462 740 527 799 ΑΖ
550 736 587 799 τὸ
606 739 721 799 ΑΕΘ·
745 738 843 816 λόγος
864 736 929 819 άρα
952 743 1014 799 τοῦ
1033 730 1126 798 ΑΒΓ

122 842 206 927 πρὸς
227 843 263 906 τὸ
287 846 390 905 ΑΕΘ
412 846 576 927 τρίγωνον
599 841 720 917 δοθείς.

598 1035 661 1118 οβ’.

189 1158 265 1223 Ἐάν
288 1161 349 1224 δύο
373 1161 544 1243 τριγώνων
567 1161 654 1224 αἵτε
672 1159 784 1243 βάσεις
803 1157 838 1223 έν
857 1157 1029 1246 δεδομένῳ
1050 1161 1137 1246 λόγῳ

125 1261 186 1328 ὦσι
213 1262 268 1328 καὶ
296 1267 333 1328 αἴ
359 1262 408 1329 ἐπ’
434 1267 534 1341 αὐτάς
561 1264 699 1349 ἠγμέναι
728 1265 791 1329 άπὸ
814 1276 881 1329 τῶν
904 1274 1044 1347 γωνιῶν
1067 1266 1140 1347 ἤτοι

72 1383 106 1431 10
126 1377 199 1447 ἴσας
217 1375 339 1452 γωνίας
356 1380 510 1436 ποιοῦσαι
529 1371 549 1454 ἢ
569 1371 705 1447 ἀνίσους
721 1370 791 1456 μέν,
814 1369 995 1454 δεδομένας
1013 1369 1067 1455 δέ,
1085 1372 1141 1447 τὰς

125 1478 207 1563 πρὸς
230 1489 301 1554 ταῖς
323 1478 469 1561 βάσεσιν,
492 1475 547 1542 καὶ
571 1479 654 1542 αὐτὰ
676 1479 716 1541 τά
738 1482 883 1561 τρίγωνα
904 1478 992 1563 πρὸς
1011 1479 1142 1560 άλληλα

125 1586 226 1665 λόγον
248 1583 312 1660 ἕξει
335 1583 521 1667 δεδομένον.

192 1693 273 1754 ἔστω
302 1691 363 1754 δύο
387 1694 531 1775 τρίγωνα
558 1692 598 1754 τά
622 1693 731 1773 ΑΒΓ,
748 1695 862 1774 ΑΕΖ,
890 1688 946 1754 ααλ
975 1691 1142 1774 ἤχθωσαν

126 1798 163 1860 αι’
183 1801 264 1879 ΑΗ,
283 1801 316 1860 Α
323 1801 352 1860 Θ
378 1798 450 1879 ἤτοι
474 1803 547 1873 ἴσας
569 1801 691 1879 γωνίας
713 1805 869 1861 ποιοῦσαι
895 1797 955 1873 τὰς
978 1797 1052 1863 ὑπὸ
1076 1809 1141 1863 τῶν

75 1913 107 1961 15
127 1907 241 1985 ΑΗΓ,
260 1907 362 1966 ΑΘΖ
389 1902 409 1985 ἢ
433 1903 569 1978 άνίσους
590 1903 665 1987 μέν,
693 1902 871 1987 δεδομένας
894 1900 946 1986 δέ,
974 1902 1036 1968 καὶ
1061 1907 1140 1969 ἔστω

127 2013 225 2090 λόγος
247 2019 304 2092 τῆς
326 2006 387 2094 μὲν
405 2013 473 2073 ΒΓ
489 2011 572 2095 πρὸς
589 2014 652 2072 ΕΖ
675 2010 799 2092 δοθείς,
822 2017 879 2091 τῆς
901 2004 939 2072 δὲ
958 2013 1044 2074 ΑΗ
1061 2012 1142 2097 πρὸς

127 2116 188 2197 τὴν
210 2119 279 2178 ΑΘ
307 2117 432 2191 δοθείς·
465 2116 563 2199 λέγω,
591 2116 641 2181 ὅτι
667 2114 723 2180 καῖ
750 2124 809 2179 τοῦ
836 2118 942 2179 ΑΒΓ
970 2118 1142 2202 τριγώνου

128 2221 211 2305 πρὸς
233 2222 269 2285 τὸ
294 2225 394 2284 ΑΕΖ
417 2226 582 2305 τρίγωνον
605 2225 702 2304 λόγος
725 2221 793 2286 ἐστὶ
817 2223 939 2298 δοθείς.

196 2330 489 2413 συμπεπληρώσθω
504 2330 567 2415 γὰρ
581 2330 620 2392 ’τά
634 2332 708 2411 ΚΓ,
720 2333 784 2393 ΑΖ
802 2331 1142 2417 παραλληλόγραμμα.

76 2444 110 2493 20
194 2431 249 2497 καῖ
273 2430 341 2497 ἐπεὶ
364 2434 401 2497 αἴ
415 2433 480 2497 ὑπὸ
499 2445 566 2497 τῶν
585 2438 660 2497 ΑΗ
662 2436 699 2517 Γ,
713 2438 815 2497 ΑΘΖ
838 2436 957 2514 γωνίαι
975 2434 1056 2516 ἦτοι
1076 2443 1142 2500 ἴσαι

129 2541 228 2623 εἴσίν,
251 2538 271 2622 ἢ
295 2541 404 2604 άνισοι
427 2538 501 2623 μέν,
525 2539 697 2623 δεδομέναι
725 2539 775 2623 δέ,
804 2546 857 2623 ἴση
884 2535 920 2603 δὲ
943 2539 965 2623 ἡ
988 2538 1056 2625 μὲν
1077 2542 1141 2607 ὑπὸ

128 2657 195 2712 τῶν
213 2649 323 2711 ΑΗΓ
340 2656 379 2730 τῇ
402 2644 466 2709 ὑπὸ
485 2648 594 2727 ΚΒΓ,
617 2645 637 2728 ἡ
662 2641 698 2709 δὲ
720 2645 784 2710 ὑπὸ
802 2657 869 2709 τῶν
886 2650 991 2710 ΑΘΖ
1016 2658 1060 2734 τῇ
1079 2648 1141 2712 ὑπὸ

129 2764 195 2816 τῶν
219 2756 332 2834 ΑΕΖ,
364 2748 419 2814 καῖ
446 2751 483 2813 αἴ
507 2751 590 2834 πρὸς
616 2762 685 2826 τοῖς
707 2755 750 2833 Β,
769 2755 801 2815 Ε
826 2752 889 2836 όίρα
916 2755 1043 2832 γωνίαι
1070 2755 1141 2837 ἦτοι

130 2865 198 2922 ἴσαι
222 2857 307 2923 εἴσῖν
329 2857 349 2939 ἢ
373 2859 482 2922 άνισοι
505 2855 575 2941 μέν,
600 2856 772 2940 δεδομέναι
796 2855 840 2921 δέ.
876 2854 932 2921 καὶ
952 2857 1026 2923 ἐπεὶ
1046 2864 1142 2943 λόγος

75 2976 110 3026 25
130 2962 198 3027 ε’στῖ
220 2974 278 3046 τῆς
296 2967 371 3031 ΑΗ
389 2965 471 3047 πρὸς
493 2964 553 3046 τὴν
571 2968 640 3027 ΑΘ
663 2964 786 3045 δοθείς,
810 2969 863 3046 ἴση
887 2959 924 3027 δὲ
946 2962 968 3046 ἡ
986 2961 1055 3049 μὲν
1072 2968 1146 3032 ΑΗ

130 3077 169 3152 τῇ
193 3071 273 3151 ΚΒ,
305 3070 324 3151 ἡ
353 3066 389 3133 δὲ
412 3074 481 3133 ΑΘ
507 3080 546 3155 τῇ
575 3075 654 3153 ΑΕ,
686 3072 784 3151 λόγος
810 3071 874 3154 άρα
901 3068 971 3134 ἐστὶ
998 3071 1059 3138 καῖ
1086 3080 1141 3156 τῆς

202 3232 224 3279 1.
244 3223 305 3295 τάς]
325 3241 377 3278 om.
397 3224 423 3278 b.
492 3231 516 3279 2.
536 3217 819 3296 παραλληλόγραμμα]
837 3222 959 3294 τρίγωνα
977 3244 1005 3281 v.
1074 3228 1141 3296 πρὸς

131 3296 233 3366 άλληλα
256 3296 340 3364 λόγον
364 3294 418 3360 ἕξει
439 3295 591 3363 δεδομένον
618 3297 645 3352 b.
725 3303 750 3350 4.
774 3301 857 3353 ΑΒΓ
872 3328 906 3337 -
925 3302 950 3351 5.
969 3297 1016 3370 τό]
1042 3316 1096 3355 om
1113 3298 1139 3353 b.

166 3372 249 3422 ΑΒΓ
263 3367 398 3435 τριγώνου
416 3367 443 3420 b.
504 3373 527 3422 6.
546 3368 589 3438 τό]
609 3367 698 3422 om.b.
758 3373 782 3421 8.
802 3366 896 3438 βάσεις
913 3369 1010 3423 αὐτῶν
1029 3370 1058 3425 b.
1116 3374 1139 3422 9.

132 3433 198 3493 ὦσιν
217 3457 242 3492 v,
320 3437 362 3508 αἱ]
382 3455 465 3506 supra
484 3438 547 3493 add.
567 3457 602 3492 m.
623 3446 638 3491 2
658 3457 688 3505 v,
708 3454 760 3492 om.
773 3438 800 3492 b.
879 3439 948 3492 Post
966 3439 1059 3504 αὐτάς
1076 3440 1138 3495 hab.

122 3508 176 3563 διά
202 3509 234 3566 ιδ
262 3509 294 3567 ἐκ
323 3519 422 3568 κοινοῦ
447 3508 530 3582 λόγον
555 3508 648 3582 ἔχουσι
670 3507 819 3576 δεδομένου
844 3509 873 3562 b.
962 3510 1036 3583 ἀπό]
1060 3511 1092 3567 ἐκ
1113 3511 1139 3564 b.
