2356 3818
499 133 663 185 scflom.
1020 130 1087 196 275

68 279 142 341 AB
164 273 304 360 μέγεθος
327 273 582 360 συναμφοτέρου
605 283 666 339 τοῦ
685 280 718 338 A
724 277 757 338 F
774 272 910 339 δοθέντι
934 277 1043 358 μεῖζον
1066 274 1087 358 ἣ

69 381 111 447 έν
138 384 224 470 λόγῳ
255 378 312 447 καῖ
340 381 473 466 ἀφελὼν
504 382 541 445 τὸ
570 376 674 446 δοθέν
701 377 841 464 μέγεθος
868 382 905 448 τὸ
932 386 1002 445 ΑΕ
1031 379 1087 445 καὶ

70 489 277 572 βουλόμενος
304 484 423 571 δεῖξαι,
455 487 506 551 ὅτι
534 488 571 551 τὸ
595 486 676 552 αὐτὸ
704 487 741 551 τὸ
765 489 830 550 ΑΒ
857 483 914 550 καὶ
940 495 1000 552 τοῦ
1024 490 1093 552 ΒΓ

68 591 210 661 δοθέντι
232 595 341 678 μεῖζόν
365 592 455 659 ἐστιν
478 591 498 676 ἢ
522 591 558 657 έν
582 594 684 677 λόγω,
707 590 806 673 λέγει·
838 590 998 674 γεγονέτω
1022 594 1087 679 γὰρ

89 736 115 786 A
354 735 379 784 Ε
483 737 509 786 Δ
635 736 657 785 Β
799 732 826 783 Γ
1047 735 1068 786 Ζ

97 801 815 840 ι---ι--ι--ι---ι
1054 803 1059 839 ι

71 911 120 988 ὡς
137 890 178 976 Ιτὸ
201 915 273 976 ΛΓ
293 913 377 998 πρὸς
399 912 436 976 τὸ
460 916 539 995 ΕΒ,
566 911 672 986 οὕτως
694 911 732 975 τὸ
755 915 821 974 ΑΛ
845 912 928 994 πρὸς
950 912 987 975 τὸ
1010 917 1086 976 ΔΕ.
1123 924 1140 972 5

70 1015 132 1082 ἐὰν
155 1012 217 1084 οὖν
239 1019 439 1102 βουλώμεθα
462 1026 598 1101 ποιῆσαι
626 1016 671 1092 ὡς
693 1017 731 1081 τὸ
755 1020 825 1080 AF
846 1017 929 1102 πρὸς
952 1017 989 1081 τὸ
1012 1021 1086 1101 ΕΒ,

69 1121 181 1200 οὕτως
202 1125 240 1188 τὸ
263 1128 329 1188 ΑΔ
351 1125 434 1210 πρὸς
456 1126 494 1188 τὸ
516 1129 599 1206 ΔΕ,
628 1122 930 1198 κατασκευάσαντες
952 1123 1086 1205 ποιησο-

71 1251 136 1314 μεν
168 1229 284 1306 οὕτως·
322 1228 533 1314 ἐκβεβλήσθω
565 1230 629 1315 γὰρ
661 1228 682 1311 ἡ
710 1232 782 1292 ΑΓ
808 1226 861 1293 έιιῖ
892 1228 929 1292 τὸ
958 1232 1000 1311 Ζ,
1031 1225 1087 1292 καῖ

72 1337 198 1400 κείσθω
226 1345 265 1422 τῇ
294 1340 363 1401 ΑΕ
390 1342 445 1419 ἴση
472 1335 493 1418 ἡ
523 1339 598 1418 ΓΖ,
630 1333 686 1399 καῖ
712 1333 875 1417 γεγονέτω
904 1334 948 1410 ὡς
974 1335 995 1418 ἡ
1025 1338 1086 1399 ΖΒ

70 1442 157 1527 πρὸς
178 1444 240 1525 τὴν
262 1446 341 1526 ΒΕ,
364 1442 471 1518 οὕτως
492 1441 513 1524 ἡ
538 1447 592 1524 ἴση
615 1451 654 1526 τῇ
679 1443 750 1523 ΖΓ,
772 1438 944 1505 τουτέστιν
966 1439 986 1523 ἡ
1010 1445 1086 1524 ΑΒ,
1107 1453 1140 1502 10

70 1549 157 1633 πρὸς
178 1549 239 1630 τὴν
262 1553 343 1613 ΕΛ·
371 1549 474 1631 δῆλον
497 1547 576 1634 γάρ,
605 1548 654 1612 ὅτι
676 1554 851 1622 ποιοῦντες
873 1545 918 1621 ὡς
940 1547 1001 1629 τὴν
1025 1549 1086 1613 ΖΒ

70 1654 156 1739 πρὸς
178 1655 240 1737 τὴν
263 1658 337 1737 ΒΕ,
360 1653 466 1730 οὕτως
488 1655 549 1737 τὴν
573 1658 642 1717 ΑΕ
661 1653 745 1738 πρὸς
767 1653 871 1734 ἄλλην
894 1640 1087 1736 τινά,’τιρὸς

72 1746 235 1824 ἐλάσσονα
257 1768 316 1843 τῆς
338 1764 405 1825 ΒΕ
424 1762 619 1844 ποιήσομεν·
652 1756 814 1840 γεγονέτω
838 1753 900 1823 οὖν
922 1756 1006 1842 νηὸς
1024 1755 1086 1838 τὴν

72 1870 145 1931 ΕΔ.
192 1863 261 1930 ἐπεὶ
284 1861 347 1932 οὖν
362 1865 460 1931 ἐστιν
483 1865 528 1942 ὡς
550 1864 570 1947 ἡ
596 1869 658 1930 ΖΒ
684 1865 768 1951 πρὸς
790 1864 851 1947 τὴν
875 1866 953 1945 ΒΕ,
981 1860 1087 1938 οὕτως

72 1970 183 2053 ηΑΕ
202 1972 286 2059 πρὸς
303 1976 380 2055 ΕΔ,
403 1969 563 2037 συνθέντι
587 1970 687 2054 ἐστίν,
710 1970 755 2046 ὡς
777 1970 798 2053 η
820 1973 887 2039 ΖΕ
907 1969 990 2053 πρὸς
1011 1970 1086 2051 ΕΒ,
1106 1980 1140 2029 1⁶

72 2077 180 2153 οὕτως
201 2076 221 2159 η
245 2083 312 2142 ΑΛ
334 2080 416 2164 πρὸς
437 2081 514 2142 ΔΕ.
550 2083 604 2159 ἴση
628 2073 665 2140 δέ
687 2076 707 2160 ἡ
733 2080 797 2139 ΖΕ
817 2085 857 2160 τῇ
880 2077 952 2138 ΑΓ
969 2074 1026 2138 διὰ
1048 2074 1085 2138 τὸ

71 2191 112 2267 τῇ
139 2186 209 2246 ΑΕ
240 2188 316 2266 ἴσην
348 2178 433 2248 εἶναι
464 2184 526 2265 τὴν
554 2186 624 2246 ΓΖ.
678 2184 768 2247 ἔστιν
800 2183 865 2266 ἄρα
897 2180 942 2256 ὡς
973 2179 993 2262 ἡ
1021 2182 1092 2244 ΑΓ

71 2288 156 2373 πρὸς
178 2292 252 2371 ΕΒ,
275 2289 380 2364 οὕτως
402 2289 423 2372 ἡ
446 2294 513 2352 ΑΔ
535 2289 618 2374 πρὸς
640 2292 718 2353 ΔΕ.

139 2411 193 2476 57.
226 2415 381 2497 Σχόλιον.
423 2412 467 2486 ὡς
490 2414 745 2498 συναμφότερον
767 2413 804 2476 τὸ
824 2416 900 2493 ΑΕ,
919 2412 987 2472 ΒΓ
1003 2411 1087 2495 πρὸς

71 2518 153 2599 ΛΓ,
181 2516 287 2593 οὕτως
313 2518 350 2582 τὸ
374 2522 443 2581 ΑΕ
467 2519 551 2603 πρὸς
574 2522 648 2581 ΑΔ.
670 2597 671 2600 ¹
692 2514 747 2580 καὶ
771 2515 936 2580 ἀνάπαλιν
962 2512 1018 2578 καῖ
1042 2514 1087 2591 ὡς
1105 2526 1141 2576 20

72 2622 110 2686 τὸ
134 2624 206 2686 AF
230 2623 313 2707 πρὸς
341 2625 594 2708 συναμφότερον
621 2626 697 2704 ΑΕ,
717 2625 795 2703 ΒΓ,
826 2621 933 2696 οὕτως
959 2620 996 2683 τὸ
1019 2624 1087 2684 AA

68 2727 157 2812 ,πρὸς
187 2733 257 2793 ΑΕ
285 2726 341 2793 καῖ
370 2727 616 2815 ἀναστρέψαντι
649 2727 694 2803 ὡς
725 2727 762 2790 τὸ
796 2731 828 2789 Α
835 2729 866 2788 Γ
896 2726 980 2811 πρὸς
1011 2728 1086 2810 ΕΒ,

73 2831 180 2908 οὕτως
199 2834 239 2897 τὸ
263 2840 328 2899 ΑΔ
350 2836 433 2921 πρὸς
455 2839 525 2899 ΔΕ
545 2835 668 2908 θοθείς.

144 3006 204 3077 ffig.
225 3024 277 3062 om.
297 3007 339 3061 Pl.

144 3171 186 3221 δῖ.
206 3184 232 3220 v.

145 3331 170 3380 2.
190 3322 285 3395 ἀφέλω
304 3325 322 3380 l.
401 3325 432 3380 τὸ
447 3329 500 3380 ΑΕ
518 3324 549 3379 τὸ
564 3320 654 3378 δοθὲν
668 3319 789 3393 μέγεθος
807 3339 830 3377 ο.
913 3327 936 3375 ἴ.
954 3319 987 3374 τό
1002 3319 1087 3392 (21ss.ss

72 3413 125 3452 om⁴
146 3396 164 3451 l.
247 3401 271 3451 8.
291 3395 389 3468 οὕτως]
409 3413 461 3451 om.
482 3416 505 3464 ρ.
583 3400 607 3449 9,
626 3395 672 3466 τῇ]
689 3392 726 3448 τά
743 3394 778 3464 Ρ,
796 3392 828 3448 τό
846 3393 865 3447 1.
940 3391 1002 3463 ΖΒ]
1020 3394 1043 3447 Β
1060 3404 1086 3451 ο.

109 3473 151 3523 10.
170 3466 275 3539 Μελ]
289 3483 342 3523 om.
352 3467 371 3521 l.
427 3472 468 3522 15,
489 3463 575 3537 ἐστίν]
592 3464 704 3534 ἔπαιρ.
760 3469 801 3518 19.
817 3462 939 3580 οηόλιοη]
954 3476 1086 3533 compa.

879 3555 922 3603 Χὶ
1092 3552 1108 3597 1
