2356 3818
132 116 174 180 16
533 119 736 171 ΔΕΔΟΜΕΝΔ.

129 265 232 345 λόγον
255 260 352 346 ἐχέτω
375 261 569 346 δεδομένον,
597 261 695 346 ἐχέτω
723 258 760 326 δέ
783 262 833 325 τὰ·
846 261 930 327 αὐτὰ
952 259 1083 345 μεγέθη
1106 261 1145 326 τὰ

131 375 178 453 A,
196 373 240 451 Β,
260 371 293 433 Γ
315 370 398 453 πρὸς
421 371 503 434 ἄλλα
526 369 601 434 τινδι
623 367 746 453 μεγέθη
774 370 814 433 τδι
841 373 883 452 Δ,
901 371 992 452 Ε,Ζ
1020 368 1145 451 λόγους

131 473 345 559 δεδομένους,
376 477 420 559 μὴ
452 478 530 551 τοὺς
562 475 684 552 αὐτοὺς
716 473 767 539 δέ·
804 472 902 559 λέγω,
934 474 984 539 ὅτι
1016 472 1075 539 καὶ
1106 473 1145 538 τό

130 586 174 664 Δ,
192 585 232 665 Ε,
252 585 291 664 Ζ,
313 581 437 666 μεγέθη
461 583 544 668 πρὸς
567 583 691 664 ἄλληλα
714 584 815 664 λόγον
837 578 900 658 ἕξει
922 579 1117 664 δεδομένον.

92 699 112 748 5
198 685 266 751 ἐπεὶ
289 689 352 773 γὰρ
376 690 474 770 λόγος
497 686 565 752 ἐστὶ
587 696 647 753 τοῦ
665 693 698 752 Α
720 688 803 772 πρὸς
825 688 862 753 τὸ
883 690 911 755 Β
935 687 1062 771 δοθείς,
1085 694 1144 752 τοῦ

132 790 169 858 δὲ
191 800 224 859 A
251 796 334 880 πρὸς
356 796 393 859 τὸ
416 800 449 859 Δ
476 796 574 876 λόγος
601 792 669 859 ἐστὶ
697 795 824 877 δοθείς,
856 791 912 859 ιιοιὶ
933 800 993 859 τοῦ
1016 798 1051 861 Δ
1080 795 1144 879 ἄρα

130 901 214 984 πρὸς
236 902 273 965 τὸ
296 905 325 965 Β
344 903 442 982 λόγος
465 898 533 966 ἐστὶ
555 901 678 976 δοθείς.
714 899 797 970 ἀλλὰ
819 908 880 969 τοῦ
898 903 926 964 Β
949 899 1032 984 ιιμὸς
1057 901 1097 965 τὸ
1115 903 1145 967 Ε

130 1009 229 1088 λόγος
251 1004 320 1071 ἐστὶ
344 1007 469 1083 δοθείς·
501 1005 557 1071 καλ
584 1015 644 1073 τοῦ
662 1012 695 1074 Δ
722 1008 787 1091 ἄρα
812 1008 896 1087 πρὸς
922 1007 959 1071 τὸ
981 1009 1014 1071 Ε
1044 1009 1145 1088 λόγος

131 1110 200 1177 ἐστὶ
223 1112 346 1188 δοθείς.
386 1112 496 1198 πόλιν,
518 1111 587 1179 έτιελ
610 1115 707 1195 λόγος
729 1111 798 1178 ἐστὶ
816 1121 876 1178 τοῦ
899 1116 927 1179 Β
950 1112 1033 1197 πρὸς
1057 1113 1099 1177 τὸ
1118 1114 1147 1181 Γ

75 1230 112 1280 10
132 1218 261 1302 δοθείς,
289 1226 348 1283 τοῦ
377 1215 414 1283 δὲ
437 1223 465 1282 Β
492 1220 575 1303 πρὸς
598 1221 635 1285 τὸ
657 1223 689 1283 Ε
715 1221 812 1302 λόγος
835 1216 903 1284 ἐστὶ
930 1220 1060 1302 δοθείς,
1090 1216 1143 1285 καλ

131 1331 192 1387 τοῦ
215 1327 247 1387 Ε
273 1324 337 1410 ἅμα
359 1326 442 1411 πρὸς
464 1326 501 1390 τὸ
526 1328 558 1389 Γ
581 1328 679 1407 λόγος
706 1324 774 1390 ἐστὶ
802 1326 923 1402 δοθείς.
968 1333 1028 1389 τοῦ
1054 1323 1094 1391 δὲ
1117 1327 1146 1393 Γ

130 1430 214 1513 πρὸς
240 1431 277 1495 τὸ
307 1435 335 1494 Ζ
362 1433 459 1513 λόγος
487 1429 554 1495 ἐστὶ
583 1432 707 1507 δοθείς·
740 1431 795 1496 κοιλ
822 1441 882 1496 τοῦ
909 1435 941 1495 Ε
966 1432 1031 1517 ἄρα
1060 1434 1143 1520 πρὸς

130 1535 169 1599 τὸ
189 1541 216 1599 Ζ
240 1538 338 1618 λόγος
361 1536 436 1601 έστδ
451 1539 579 1614 δοθείς·
602 1539 642 1602 τὰ
660 1543 702 1621 Δ,
721 1543 760 1621 Ε,
781 1543 808 1603 Ζ
832 1540 896 1624 ἄρα
913 1539 996 1623 πρὸς
1016 1539 1141 1623 ἄλληλα

132 1643 233 1724 λόγον
256 1645 320 1727 ἔχει
343 1643 531 1727 δεδομένον.
837 1660 841 1667 ’

75 1848 111 1896 15
618 1838 642 1902 ι’

195 1960 272 2027 Ἐδιν
290 1961 431 2046 μέγεθος
448 1963 610 2047 μεγέθους
628 1962 763 2028 δοθέντι
781 1967 891 2048 μεῖζον
908 1958 929 2050 ᾖ
948 1962 968 2048 ἢ
987 1963 1024 2028 έν
1042 1967 1140 2053 λόγῳ,

131 2059 186 2132 καὶ
209 2069 253 2132 τδ
270 2073 521 2156 συναμφότερον
544 2078 603 2134 τοῦ
627 2069 730 2134 αὐτοῦ
754 2068 890 2136 δοθέντι
917 2073 1028 2155 μεῖζον
1050 2073 1140 2137 ἔσται

131 2172 213 2256 δέν
239 2177 339 2261 λόγῳ·
371 2174 426 2239 καὶ
456 2174 514 2240 ἐὰν
536 2177 573 2239 τὸ
598 2178 850 2261 συναμφότερον
872 2185 932 2241 τοῦ
956 2176 1062 2242 αὐτοῦ
1086 2180 1139 2244 δο·

131 2278 226 2345 θέντι
250 2284 359 2364 μεῖζον
381 2276 402 2368 ᾖ
426 2280 446 2364 ἢ
471 2280 508 2345 ἐν
531 2283 633 2368 λόγῳ,
661 2280 715 2345 καὶ
742 2284 780 2347 τὸ
808 2284 926 2348 λοιπὸν
952 2292 1013 2348 τοῦ
1037 2284 1139 2350 αὐτοῦ

72 2398 111 2446 20
132 2387 206 2469 ἤτοι
234 2386 371 2452 δοθέντι
398 2389 508 2471 μεῖζόν
536 2386 625 2451 ἐστιν
653 2386 672 2470 ἢ
701 2386 738 2453 έν
765 2391 867 2476 λόγῳ,
899 2387 920 2473 ἣ
951 2390 989 2454 τὸ
1022 2393 1139 2457 λοιττδν

79 2502 84 2513 “
130 2493 210 2577 μετὰ
228 2502 287 2557 τοῦ
307 2491 389 2577 ἑξῆς,
412 2495 495 2577 πρὸς
517 2492 535 2557 δ
558 2495 595 2558 τὸ
615 2492 727 2579 ἕτερον
746 2497 847 2577 λόγον
865 2499 929 2579 ἔχει
949 2496 1138 2581 δεδομένον,

131 2598 234 2664 δοθέν
257 2599 355 2664 ἐστιν.

196 2704 337 2789 μέγεθος
368 2705 432 2790 γὰρ
464 2706 501 2770 τὸ
530 2709 596 2770 AB
629 2704 793 2790 μεγέθους
819 2715 880 2771 τοῦ
907 2708 975 2771 ΒΓ
1002 2707 1137 2775 δοθέντι

126 2815 240 2896 μεῖζον
258 2814 340 2876 ἔστιν
359 2809 380 2892 ἢ
399 2809 435 2874 έν
453 2812 554 2899 λόγῳ·
577 2810 672 2896 λέγω,
692 2813 742 2878 ότι
759 2812 815 2877 κοιλ
833 2814 870 2877 τὸ
884 2814 1137 2903 συναμφότερον

202 3044 227 3092 5.
251 3034 325 3092 ἐστίν
343 3037 400 3107 Pv,
424 3040 453 3093 et
471 3037 511 3093 sie
529 3039 551 3092 P
572 3055 623 3109 per
640 3041 731 3095 totam
747 3057 825 3111 prop.
912 3040 986 3095 ἐστὶν
1005 3041 1020 3096 ὁ
1040 3052 1092 3099 τοῦ
1113 3060 1136 3097 ε

166 3116 215 3163 τοῦ
230 3106 312 3179 (alt.)]
332 3125 399 3164 corr.
419 3126 453 3163 ex
470 3110 501 3164 τό
520 3129 555 3164 m.
571 3116 586 3163 1
606 3128 631 3165 a.
705 3117 729 3167 λ.
748 3110 818 3165 ἀλλά
833 3144 866 3155 -
881 3117 904 3166 9.
925 3110 1037 3186 δοθελς]
1057 3130 1138 3185 supra

127 3178 195 3232 add.
210 3196 246 3232 m.
262 3183 277 3232 3
296 3196 322 3233 v.
382 3186 405 3234 7.
424 3180 494 3235 ἀλλὰ
512 3179 561 3236 καί
579 3199 605 3236 a.
659 3184 721 3255 τοῦ]
741 3183 819 3239 δτοῦ
839 3200 864 3251 a,
883 3183 952 3243 item
968 3183 1018 3241 lin.
1035 3190 1061 3241 8.
1114 3190 1137 3241 8.

127 3248 211 3318 λόγος
230 3246 285 3303 έοτό
299 3249 381 3323 (alm
401 3251 456 3306 ἐστι
474 3252 554 3323 λόγος
576 3270 602 3307 v.
680 3259 704 3308 9.
724 3251 780 3308 ἐστι’
795 3253 877 3325 (alt.)]
901 3251 975 3309 ἐστίν
994 3273 1019 3310 v.
1099 3264 1137 3314 11.

126 3319 199 3392 ἄρα]
218 3337 271 3375 om.
290 3339 315 3376 a.
380 3324 418 3395 Γ]
441 3327 505 3377 Za.
565 3329 606 3378 12.
627 3322 700 3378 ἐστίν
718 3342 748 3392 v;
767 3324 837 3380 item
853 3344 880 3396 p.
901 3331 943 3394 18,
962 3331 986 3381 5.
1051 3320 1128 3403 16.ἦ

127 3407 185 3446 om.
204 3392 229 3462 β.
321 3399 362 3449 17.
387 3393 462 3457 ἔοτοιι
480 3426 514 3437 -
534 3400 575 3448 19.
595 3396 699 3468 μεῖζον]
723 3395 766 3450 bis
790 3399 807 3467 β
831 3400 897 3466 (non
916 3401 951 3468 a).
1046 3406 1089 3456 19.
1112 3421 1128 3474 γ

93 3478 184 3517 .0m.
202 3465 233 3535 β,
258 3463 334 3519 ἔσται
352 3482 377 3520 ε.
