<?xml version="1.0" encoding="UTF-8"?>
<!DOCTYPE html PUBLIC "-//W3C//DTD XHTML 1.0 Transitional//EN"
    "http://www.w3.org/TR/xhtml1/DTD/xhtml1-transitional.dtd">
<html xmlns="http://www.w3.org/1999/xhtml" xml:lang="en" lang="en">
 <head>
  <title>
</title>
<meta http-equiv="Content-Type" content="text/html;charset=utf-8" />
  <meta name='ocr-system' content='tesseract 3.04.00' />
  <meta name='ocr-capabilities' content='ocr_page ocr_carea ocr_par ocr_line ocrx_word'/>
</head>
<body>
  <div class='ocr_page' id='page_1' title='image "./euclidisoperaom09unkngoog_0095.png"; bbox 0 0 2356 3818; ppageno 0'>
   <div class='ocr_carea' id='block_1_1' title="bbox 130 125 738 189">
    <p class='ocr_par' dir='ltr' id='par_1_1' title="bbox 130 125 738 189">
     <span class='ocr_line' id='line_1_1' title="bbox 130 125 738 189; baseline 0.021 -21"><span class='ocrx_word' id='word_1_1' title='bbox 130 125 174 189; x_wconf 68' lang='lat'><em>23</em></span> <span class='ocrx_word' id='word_1_2' title='bbox 534 126 738 181; x_wconf 66' lang='grc' dir='ltr'><em>Δολόπων.</em></span> 
     </span>
    </p>
   </div>
   <div class='ocr_carea' id='block_1_2' title="bbox 94 270 1157 1114">
    <p class='ocr_par' dir='ltr' id='par_1_2' title="bbox 94 270 1157 1114">
     <span class='ocr_line' id='line_1_2' title="bbox 197 270 1157 355; baseline 0.01 -21"><span class='ocrx_word' id='word_1_3' title='bbox 197 271 242 354; x_wconf 84' lang='grc' dir='ltr'><em>μὴ</em></span> <span class='ocrx_word' id='word_1_4' title='bbox 274 272 356 335; x_wconf 80' lang='grc' dir='ltr'><em>ἔστω</em></span> <span class='ocrx_word' id='word_1_5' title='bbox 385 270 426 355; x_wconf 82' lang='grc' dir='ltr'><em>δὴ</em></span> <span class='ocrx_word' id='word_1_6' title='bbox 454 270 472 336; x_wconf 99' lang='lat'>6</span> <span class='ocrx_word' id='word_1_7' title='bbox 502 272 603 348; x_wconf 84' lang='grc' dir='ltr'><em>αὐτὸς</em></span> <span class='ocrx_word' id='word_1_8' title='bbox 632 270 688 336; x_wconf 81' lang='grc' dir='ltr'><em>καὶ</em></span> <span class='ocrx_word' id='word_1_9' title='bbox 715 273 913 354; x_wconf 75' lang='grc' dir='ltr'><strong><em>πεποιήσθω</em></strong></span> <span class='ocrx_word' id='word_1_10' title='bbox 941 274 995 352; x_wconf 82' lang='grc' dir='ltr'><em>ὡς</em></span> <span class='ocrx_word' id='word_1_11' title='bbox 1022 278 1065 343; x_wconf 82' lang='grc' dir='ltr'><em>τὸ</em></span> <span class='ocrx_word' id='word_1_12' title='bbox 1093 282 1157 343; x_wconf 77' lang='grc' dir='ltr'><em>ΑΒ</em></span> 
     </span>
     <span class='ocr_line' id='line_1_3' title="bbox 130 376 1156 467; baseline 0.01 -26"><span class='ocrx_word' id='word_1_13' title='bbox 130 378 214 461; x_wconf 84' lang='grc' dir='ltr'><em>πρὸς</em></span> <span class='ocrx_word' id='word_1_14' title='bbox 233 379 304 460; x_wconf 86' lang='grc' dir='ltr'><em>ΓΔ,</em></span> <span class='ocrx_word' id='word_1_15' title='bbox 327 376 432 453; x_wconf 80' lang='grc' dir='ltr'><em>οὕτως</em></span> <span class='ocrx_word' id='word_1_16' title='bbox 453 379 491 443; x_wconf 88' lang='grc' dir='ltr'><em>τὸ</em></span> <span class='ocrx_word' id='word_1_17' title='bbox 509 381 578 442; x_wconf 88' lang='lat' dir='ltr'><em>HA</em></span> <span class='ocrx_word' id='word_1_18' title='bbox 600 380 683 465; x_wconf 79' lang='grc' dir='ltr'><em>πρὸς</em></span> <span class='ocrx_word' id='word_1_19' title='bbox 701 381 776 443; x_wconf 88' lang='grc' dir='ltr'><em>ΓΖ·</em></span> <span class='ocrx_word' id='word_1_20' title='bbox 799 380 899 461; x_wconf 81' lang='grc' dir='ltr'><em>λόγος</em></span> <span class='ocrx_word' id='word_1_21' title='bbox 922 381 996 467; x_wconf 75' lang='grc' dir='ltr'><em>ἄρα</em></span> <span class='ocrx_word' id='word_1_22' title='bbox 1018 380 1156 451; x_wconf 75' lang='grc' dir='ltr'><em>καὶτοῦ</em></span> 
     </span>
     <span class='ocr_line' id='line_1_4' title="bbox 130 482 1156 570; baseline 0.012 -24"><span class='ocrx_word' id='word_1_23' title='bbox 130 486 206 547; x_wconf 86' lang='grc' dir='ltr'><em>ΗΑ</em></span> <span class='ocrx_word' id='word_1_24' title='bbox 231 484 314 570; x_wconf 79' lang='grc' dir='ltr'><em>πρὸς</em></span> <span class='ocrx_word' id='word_1_25' title='bbox 340 485 377 548; x_wconf 85' lang='grc' dir='ltr'><em>τὸ</em></span> <span class='ocrx_word' id='word_1_26' title='bbox 406 487 473 548; x_wconf 93' lang='grc' dir='ltr'><em>ΖΓ</em></span> <span class='ocrx_word' id='word_1_27' title='bbox 498 485 621 561; x_wconf 85' lang='grc' dir='ltr'><em>δοθείς.</em></span> <span class='ocrx_word' id='word_1_28' title='bbox 667 482 771 550; x_wconf 78' lang='grc' dir='ltr'><em>δοθὲν</em></span> <span class='ocrx_word' id='word_1_29' title='bbox 798 482 836 549; x_wconf 70' lang='grc' dir='ltr'><em>δὲ</em></span> <span class='ocrx_word' id='word_1_30' title='bbox 862 486 901 551; x_wconf 90' lang='grc' dir='ltr'><em>τὸ</em></span> <span class='ocrx_word' id='word_1_31' title='bbox 931 492 1017 555; x_wconf 91' lang='grc' dir='ltr'><em>ΖΓ·</em></span> <span class='ocrx_word' id='word_1_32' title='bbox 1053 488 1156 557; x_wconf 66' lang='grc' dir='ltr'><em>δοθὲν</em></span> 
     </span>
     <span class='ocr_line' id='line_1_5' title="bbox 131 588 1152 675; baseline 0.01 -21"><span class='ocrx_word' id='word_1_33' title='bbox 131 591 195 675; x_wconf 73' lang='grc' dir='ltr'><em>ἄρα</em></span> <span class='ocrx_word' id='word_1_34' title='bbox 217 588 332 655; x_wconf 81' lang='grc' dir='ltr'><strong>καὶτὸ</strong></span> <span class='ocrx_word' id='word_1_35' title='bbox 355 594 436 655; x_wconf 87' lang='lat' dir='ltr'><em>HA.</em></span> <span class='ocrx_word' id='word_1_36' title='bbox 480 594 549 656; x_wconf 81' lang='grc' dir='ltr'><em>ἔστι</em></span> <span class='ocrx_word' id='word_1_37' title='bbox 573 588 609 656; x_wconf 72' lang='grc' dir='ltr'><em>δέ</em></span> <span class='ocrx_word' id='word_1_38' title='bbox 630 589 686 656; x_wconf 82' lang='grc' dir='ltr'><em>καὶ</em></span> <span class='ocrx_word' id='word_1_39' title='bbox 708 593 745 656; x_wconf 84' lang='grc' dir='ltr'><em>τὸ</em></span> <span class='ocrx_word' id='word_1_40' title='bbox 769 596 832 656; x_wconf 85' lang='grc' dir='ltr'><em>ΕΑ</em></span> <span class='ocrx_word' id='word_1_41' title='bbox 854 591 980 659; x_wconf 89' lang='grc' dir='ltr'><em>δοθέν·</em></span> <span class='ocrx_word' id='word_1_42' title='bbox 1004 595 1067 663; x_wconf 79' lang='grc' dir='ltr'><em>καὶ</em></span> <span class='ocrx_word' id='word_1_43' title='bbox 1090 604 1152 664; x_wconf 74' lang='grc' dir='ltr'><em>λοι</em></span> 
     </span>
     <span class='ocr_line' id='line_1_6' title="bbox 94 695 1153 784; baseline 0.014 -28"><span class='ocrx_word' id='word_1_44' title='bbox 94 697 194 761; x_wconf 72' lang='grc' dir='ltr'><em>ὀπὸν</em></span> <span class='ocrx_word' id='word_1_45' title='bbox 221 698 286 784; x_wconf 72' lang='grc' dir='ltr'><em>ἅμα</em></span> <span class='ocrx_word' id='word_1_46' title='bbox 312 698 350 762; x_wconf 90' lang='grc' dir='ltr'><em>τὸ</em></span> <span class='ocrx_word' id='word_1_47' title='bbox 379 701 452 762; x_wconf 87' lang='grc' dir='ltr'><em>ΕΗ</em></span> <span class='ocrx_word' id='word_1_48' title='bbox 476 695 579 762; x_wconf 95' lang='grc' dir='ltr'><em>δοθέν</em></span> <span class='ocrx_word' id='word_1_49' title='bbox 607 697 707 763; x_wconf 79' lang='grc' dir='ltr'><em>ἐστιν.</em></span> <span class='ocrx_word' id='word_1_50' title='bbox 759 695 814 762; x_wconf 80' lang='grc' dir='ltr'><em>καὶ</em></span> <span class='ocrx_word' id='word_1_51' title='bbox 842 696 913 764; x_wconf 76' lang='grc' dir='ltr'><em>ἐπεὶ</em></span> <span class='ocrx_word' id='word_1_52' title='bbox 940 700 993 779; x_wconf 80' lang='grc' dir='ltr'><em>ὧς</em></span> <span class='ocrx_word' id='word_1_53' title='bbox 1021 705 1064 770; x_wconf 83' lang='grc' dir='ltr'><em>τὸ</em></span> <span class='ocrx_word' id='word_1_54' title='bbox 1091 708 1153 770; x_wconf 82' lang='grc' dir='ltr'><em>ΑΒ</em></span> 
     </span>
     <span class='ocr_line' id='line_1_7' title="bbox 129 802 1154 897; baseline 0.008 -30"><span class='ocrx_word' id='word_1_55' title='bbox 129 804 212 887; x_wconf 81' lang='grc' dir='ltr'><em>πρὸς</em></span> <span class='ocrx_word' id='word_1_56' title='bbox 235 804 273 868; x_wconf 83' lang='grc' dir='ltr'><em>τὸ</em></span> <span class='ocrx_word' id='word_1_57' title='bbox 297 807 372 887; x_wconf 87' lang='grc' dir='ltr'><em>ΓΛ,</em></span> <span class='ocrx_word' id='word_1_58' title='bbox 401 802 506 880; x_wconf 83' lang='grc' dir='ltr'><em>οὕτως</em></span> <span class='ocrx_word' id='word_1_59' title='bbox 528 806 565 868; x_wconf 89' lang='grc' dir='ltr'><em>τὸ</em></span> <span class='ocrx_word' id='word_1_60' title='bbox 588 807 657 868; x_wconf 88' lang='lat' dir='ltr'><em>HA</em></span> <span class='ocrx_word' id='word_1_61' title='bbox 683 806 767 890; x_wconf 84' lang='grc' dir='ltr'><em>πρὸς</em></span> <span class='ocrx_word' id='word_1_62' title='bbox 794 806 831 870; x_wconf 84' lang='grc' dir='ltr'><em>τὸ</em></span> <span class='ocrx_word' id='word_1_63' title='bbox 855 809 929 890; x_wconf 92' lang='grc' dir='ltr'><em>ΖΓ,</em></span> <span class='ocrx_word' id='word_1_64' title='bbox 957 811 1068 892; x_wconf 87' lang='grc' dir='ltr'><em>λόγος</em></span> <span class='ocrx_word' id='word_1_65' title='bbox 1094 813 1154 897; x_wconf 77' lang='grc' dir='ltr'><em>ἄρα</em></span> 
     </span>
     <span class='ocr_line' id='line_1_8' title="bbox 128 908 1153 994; baseline 0.01 -20"><span class='ocrx_word' id='word_1_66' title='bbox 128 908 184 974; x_wconf 83' lang='grc' dir='ltr'><em>καὶ</em></span> <span class='ocrx_word' id='word_1_67' title='bbox 202 919 262 975; x_wconf 87' lang='grc' dir='ltr'><em>τοῦ</em></span> <span class='ocrx_word' id='word_1_68' title='bbox 277 913 346 974; x_wconf 92' lang='grc' dir='ltr'><em>ΗΒ</em></span> <span class='ocrx_word' id='word_1_69' title='bbox 369 911 453 994; x_wconf 79' lang='grc' dir='ltr'><em>πρὸς</em></span> <span class='ocrx_word' id='word_1_70' title='bbox 473 913 538 973; x_wconf 92' lang='grc' dir='ltr'><em>ΖΔ</em></span> <span class='ocrx_word' id='word_1_71' title='bbox 560 911 684 988; x_wconf 82' lang='grc' dir='ltr'><em>δοθείς.</em></span> <span class='ocrx_word' id='word_1_72' title='bbox 720 913 779 975; x_wconf 82' lang='grc' dir='ltr'><em>καί</em></span> <span class='ocrx_word' id='word_1_73' title='bbox 795 909 863 977; x_wconf 79' lang='grc' dir='ltr'><em>ἐστι</em></span> <span class='ocrx_word' id='word_1_74' title='bbox 882 909 994 979; x_wconf 71' lang='grc' dir='ltr'><em>δοθὲν</em></span> <span class='ocrx_word' id='word_1_75' title='bbox 1015 918 1055 982; x_wconf 86' lang='grc' dir='ltr'><em>τὸ</em></span> <span class='ocrx_word' id='word_1_76' title='bbox 1071 920 1153 984; x_wconf 81' lang='grc' dir='ltr'><em>ΕΗ·</em></span> 
     </span>
     <span class='ocr_line' id='line_1_9' title="bbox 129 1015 1134 1114; baseline 0.01 -35"><span class='ocrx_word' id='word_1_77' title='bbox 129 1017 167 1080; x_wconf 83' lang='grc' dir='ltr'><em>τὸ</em></span> <span class='ocrx_word' id='word_1_78' title='bbox 185 1019 249 1081; x_wconf 87' lang='grc' dir='ltr'><em>ΕΒ</em></span> <span class='ocrx_word' id='word_1_79' title='bbox 273 1016 338 1100; x_wconf 75' lang='grc' dir='ltr'><em>ἄρα</em></span> <span class='ocrx_word' id='word_1_80' title='bbox 361 1024 420 1080; x_wconf 88' lang='grc' dir='ltr'><em>τοῦ</em></span> <span class='ocrx_word' id='word_1_81' title='bbox 445 1020 511 1079; x_wconf 91' lang='grc' dir='ltr'><em>ΖΔ</em></span> <span class='ocrx_word' id='word_1_82' title='bbox 534 1015 670 1082; x_wconf 78' lang='grc' dir='ltr'><em>δοθέντι</em></span> <span class='ocrx_word' id='word_1_83' title='bbox 693 1020 803 1101; x_wconf 79' lang='grc' dir='ltr'><em>μεῖζόν</em></span> <span class='ocrx_word' id='word_1_84' title='bbox 825 1017 896 1083; x_wconf 81' lang='grc' dir='ltr'><em>ἐστι</em></span> <span class='ocrx_word' id='word_1_85' title='bbox 919 1018 941 1103; x_wconf 80' lang='grc' dir='ltr'><em>ἢ</em></span> <span class='ocrx_word' id='word_1_86' title='bbox 965 1020 1009 1087; x_wconf 83' lang='grc' dir='ltr'><em>έν</em></span> <span class='ocrx_word' id='word_1_87' title='bbox 1033 1028 1134 1114; x_wconf 77' lang='grc' dir='ltr'><em>λόγῳ.</em></span> 
     </span>
    </p>
   </div>
   <div class='ocr_carea' id='block_1_3' title="bbox 72 1234 1151 3013">
    <p class='ocr_par' dir='ltr' id='par_1_3' title="bbox 609 1234 661 1275">
     <span class='ocr_line' id='line_1_10' title="bbox 609 1234 661 1275; baseline 0.019 -1"><span class='ocrx_word' id='word_1_88' title='bbox 609 1234 661 1275; x_wconf 87' lang='grc' dir='ltr'><em>ιε.</em></span> 
     </span>
    </p>

    <p class='ocr_par' dir='ltr' id='par_1_4' title="bbox 76 1330 1151 1749">
     <span class='ocr_line' id='line_1_11' title="bbox 76 1330 1151 1427; baseline 0.013 -31"><span class='ocrx_word' id='word_1_89' title='bbox 76 1348 111 1396; x_wconf 91' lang='lat'><em>10</em></span> <span class='ocrx_word' id='word_1_90' title='bbox 195 1330 271 1398; x_wconf 82' lang='grc' dir='ltr'><em>Ἐὰν</em></span> <span class='ocrx_word' id='word_1_91' title='bbox 295 1334 356 1398; x_wconf 90' lang='grc' dir='ltr'><em>δύο</em></span> <span class='ocrx_word' id='word_1_92' title='bbox 380 1332 503 1417; x_wconf 85' lang='grc' dir='ltr'><em>μεγέθη</em></span> <span class='ocrx_word' id='word_1_93' title='bbox 521 1336 605 1419; x_wconf 79' lang='grc' dir='ltr'><em>πρὸς</em></span> <span class='ocrx_word' id='word_1_94' title='bbox 623 1337 748 1417; x_wconf 76' lang='grc' dir='ltr'><em>ἄλληλα</em></span> <span class='ocrx_word' id='word_1_95' title='bbox 767 1337 868 1417; x_wconf 93' lang='grc' dir='ltr'><em>λόγον</em></span> <span class='ocrx_word' id='word_1_96' title='bbox 886 1338 945 1421; x_wconf 76' lang='grc' dir='ltr'><em>ἔχῃ</em></span> <span class='ocrx_word' id='word_1_97' title='bbox 964 1339 1151 1427; x_wconf 75' lang='grc' dir='ltr'><em>δεδομένον</em></span> 
     </span>
     <span class='ocr_line' id='line_1_12' title="bbox 128 1437 1151 1531; baseline 0.012 -29"><span class='ocrx_word' id='word_1_98' title='bbox 128 1437 185 1503; x_wconf 79' lang='grc' dir='ltr'><em>καὶ</em></span> <span class='ocrx_word' id='word_1_99' title='bbox 208 1438 378 1526; x_wconf 75' lang='grc' dir='ltr'><em>ἀφαιρεθῇ</em></span> <span class='ocrx_word' id='word_1_100' title='bbox 402 1439 465 1505; x_wconf 79' lang='grc' dir='ltr'><em>ἀπὸ</em></span> <span class='ocrx_word' id='word_1_101' title='bbox 489 1438 644 1525; x_wconf 80' lang='grc' dir='ltr'><em>ἑκατέρου</em></span> <span class='ocrx_word' id='word_1_102' title='bbox 663 1440 775 1506; x_wconf 84' lang='grc' dir='ltr'><em>αὐτῶν</em></span> <span class='ocrx_word' id='word_1_103' title='bbox 793 1440 977 1526; x_wconf 82' lang='grc' dir='ltr'><em>δεδομένον</em></span> <span class='ocrx_word' id='word_1_104' title='bbox 997 1445 1151 1531; x_wconf 81' lang='grc' dir='ltr'><em>μέγεθος,</em></span> 
     </span>
     <span class='ocr_line' id='line_1_13' title="bbox 128 1546 1150 1639; baseline 0.01 -30"><span class='ocrx_word' id='word_1_105' title='bbox 128 1546 170 1609; x_wconf 81' lang='grc' dir='ltr'><em>τὰ</em></span> <span class='ocrx_word' id='word_1_106' title='bbox 192 1547 292 1611; x_wconf 80' lang='grc' dir='ltr'><em>λοιπὰ</em></span> <span class='ocrx_word' id='word_1_107' title='bbox 314 1548 397 1631; x_wconf 82' lang='grc' dir='ltr'><em>πρὸς</em></span> <span class='ocrx_word' id='word_1_108' title='bbox 415 1547 540 1629; x_wconf 74' lang='grc' dir='ltr'><em>ἄλληλα</em></span> <span class='ocrx_word' id='word_1_109' title='bbox 558 1548 631 1629; x_wconf 70' lang='grc' dir='ltr'><em>ἤτοι</em></span> <span class='ocrx_word' id='word_1_110' title='bbox 650 1550 751 1629; x_wconf 94' lang='grc' dir='ltr'><em>λόγον</em></span> <span class='ocrx_word' id='word_1_111' title='bbox 770 1546 833 1624; x_wconf 69' lang='grc' dir='ltr'><em>ἔξει</em></span> <span class='ocrx_word' id='word_1_112' title='bbox 852 1548 1055 1638; x_wconf 75' lang='grc' dir='ltr'><em>δεδομένον,</em></span> <span class='ocrx_word' id='word_1_113' title='bbox 1079 1554 1150 1639; x_wconf 77' lang='grc' dir='ltr'><em>ἢιδ</em></span> 
     </span>
     <span class='ocr_line' id='line_1_14' title="bbox 128 1650 1106 1749; baseline 0.011 -33"><span class='ocrx_word' id='word_1_114' title='bbox 128 1650 243 1738; x_wconf 79' lang='grc' dir='ltr'><em>ἕτερον</em></span> <span class='ocrx_word' id='word_1_115' title='bbox 265 1662 325 1719; x_wconf 85' lang='grc' dir='ltr'><em>τοῦ</em></span> <span class='ocrx_word' id='word_1_116' title='bbox 349 1651 462 1739; x_wconf 83' lang='grc' dir='ltr'><em>ἑτέρου</em></span> <span class='ocrx_word' id='word_1_117' title='bbox 485 1651 622 1717; x_wconf 81' lang='grc' dir='ltr'><em>δοθέντι</em></span> <span class='ocrx_word' id='word_1_118' title='bbox 645 1657 755 1736; x_wconf 80' lang='grc' dir='ltr'><em>μεῖζόν</em></span> <span class='ocrx_word' id='word_1_119' title='bbox 778 1654 869 1719; x_wconf 81' lang='grc' dir='ltr'><em>ἐστιν</em></span> <span class='ocrx_word' id='word_1_120' title='bbox 892 1653 912 1737; x_wconf 70' lang='grc' dir='ltr'>ἢ</span> <span class='ocrx_word' id='word_1_121' title='bbox 937 1655 976 1721; x_wconf 85' lang='grc' dir='ltr'><em>έν</em></span> <span class='ocrx_word' id='word_1_122' title='bbox 1000 1663 1106 1749; x_wconf 72' lang='grc' dir='ltr'><em>λόγῳ.</em></span> 
     </span>
    </p>

    <p class='ocr_par' dir='ltr' id='par_1_5' title="bbox 198 1758 1151 1851">
     <span class='ocr_line' id='line_1_15' title="bbox 198 1758 1151 1851; baseline 0.01 -27"><span class='ocrx_word' id='word_1_123' title='bbox 198 1761 259 1824; x_wconf 87' lang='grc' dir='ltr'><em>δύο</em></span> <span class='ocrx_word' id='word_1_124' title='bbox 288 1761 351 1844; x_wconf 80' lang='grc' dir='ltr'><em>γὰρ</em></span> <span class='ocrx_word' id='word_1_125' title='bbox 380 1758 503 1843; x_wconf 81' lang='grc' dir='ltr'><em>μεγέθη</em></span> <span class='ocrx_word' id='word_1_126' title='bbox 532 1760 572 1823; x_wconf 78' lang='grc' dir='ltr'><em>τὰ</em></span> <span class='ocrx_word' id='word_1_127' title='bbox 594 1763 675 1842; x_wconf 91' lang='grc' dir='ltr'><em>ΛΒ,</em></span> <span class='ocrx_word' id='word_1_128' title='bbox 695 1763 756 1824; x_wconf 92' lang='grc' dir='ltr'>ΓΔ</span> <span class='ocrx_word' id='word_1_129' title='bbox 783 1761 866 1845; x_wconf 79' lang='grc' dir='ltr'><em>πρὸς</em></span> <span class='ocrx_word' id='word_1_130' title='bbox 893 1760 1027 1845; x_wconf 77' lang='grc' dir='ltr'><em>ἄλληλα</em></span> <span class='ocrx_word' id='word_1_131' title='bbox 1051 1770 1151 1851; x_wconf 80' lang='grc' dir='ltr'><em>λόγον</em></span> 
     </span>
    </p>

    <p class='ocr_par' dir='ltr' id='par_1_6' title="bbox 75 1863 1151 2378">
     <span class='ocr_line' id='line_1_16' title="bbox 75 1863 1151 1953; baseline 0.012 -26"><span class='ocrx_word' id='word_1_132' title='bbox 75 1880 110 1928; x_wconf 81' lang='lat'><em>15</em></span> <span class='ocrx_word' id='word_1_133' title='bbox 129 1864 229 1950; x_wconf 80' lang='grc' dir='ltr'><em>ἐχέτω</em></span> <span class='ocrx_word' id='word_1_134' title='bbox 261 1864 455 1950; x_wconf 82' lang='grc' dir='ltr'><em>δεδομένον,</em></span> <span class='ocrx_word' id='word_1_135' title='bbox 482 1863 538 1930; x_wconf 82' lang='grc' dir='ltr'><em>καὶ</em></span> <span class='ocrx_word' id='word_1_136' title='bbox 561 1864 748 1951; x_wconf 74' lang='grc' dir='ltr'><em>ἀφῃρήσθω</em></span> <span class='ocrx_word' id='word_1_137' title='bbox 773 1864 832 1950; x_wconf 77' lang='grc' dir='ltr'><em>ἀφ’</em></span> <span class='ocrx_word' id='word_1_138' title='bbox 853 1864 1014 1953; x_wconf 83' lang='grc' dir='ltr'><em>ἑκατέρου</em></span> <span class='ocrx_word' id='word_1_139' title='bbox 1040 1873 1151 1939; x_wconf 77' lang='grc' dir='ltr'><em>αὐτῶν</em></span> 
     </span>
     <span class='ocr_line' id='line_1_17' title="bbox 128 1968 1149 2058; baseline 0.009 -24"><span class='ocrx_word' id='word_1_140' title='bbox 128 1969 310 2054; x_wconf 88' lang='grc' dir='ltr'><em>δεδομένον</em></span> <span class='ocrx_word' id='word_1_141' title='bbox 333 1970 488 2055; x_wconf 85' lang='grc' dir='ltr'><em>μέγεθος,</em></span> <span class='ocrx_word' id='word_1_142' title='bbox 511 1971 575 2036; x_wconf 83' lang='grc' dir='ltr'><em>ἀπὸ</em></span> <span class='ocrx_word' id='word_1_143' title='bbox 599 1968 660 2056; x_wconf 72' lang='grc' dir='ltr'><em>μέν</em></span> <span class='ocrx_word' id='word_1_144' title='bbox 682 1981 742 2037; x_wconf 85' lang='grc' dir='ltr'><em>τοῦ</em></span> <span class='ocrx_word' id='word_1_145' title='bbox 763 1977 829 2037; x_wconf 90' lang='grc' dir='ltr'><em>ΑΒ</em></span> <span class='ocrx_word' id='word_1_146' title='bbox 852 1974 889 2037; x_wconf 88' lang='grc' dir='ltr'><em>τὸ</em></span> <span class='ocrx_word' id='word_1_147' title='bbox 913 1977 996 2058; x_wconf 86' lang='grc' dir='ltr'><em>ΕΑ,</em></span> <span class='ocrx_word' id='word_1_148' title='bbox 1023 1977 1092 2044; x_wconf 82' lang='grc' dir='ltr'><em>ἀπὸ</em></span> <span class='ocrx_word' id='word_1_149' title='bbox 1115 1974 1149 2043; x_wconf 72' lang='grc' dir='ltr'><em>δέ</em></span> 
     </span>
     <span class='ocr_line' id='line_1_18' title="bbox 127 2076 1150 2172; baseline 0.013 -33"><span class='ocrx_word' id='word_1_150' title='bbox 127 2084 189 2140; x_wconf 87' lang='grc' dir='ltr'><em>τοῦ</em></span> <span class='ocrx_word' id='word_1_151' title='bbox 209 2079 270 2140; x_wconf 91' lang='grc' dir='ltr'>ΓΔ</span> <span class='ocrx_word' id='word_1_152' title='bbox 292 2078 329 2141; x_wconf 82' lang='grc' dir='ltr'><em>τὸ</em></span> <span class='ocrx_word' id='word_1_153' title='bbox 349 2081 424 2142; x_wconf 89' lang='grc' dir='ltr'><em>ΓΖ·</em></span> <span class='ocrx_word' id='word_1_154' title='bbox 448 2076 543 2161; x_wconf 92' lang='grc' dir='ltr'><em>λέγω,</em></span> <span class='ocrx_word' id='word_1_155' title='bbox 567 2078 617 2142; x_wconf 81' lang='grc' dir='ltr'><em>ὅτι</em></span> <span class='ocrx_word' id='word_1_156' title='bbox 639 2079 679 2142; x_wconf 85' lang='grc' dir='ltr'><em>τὰ</em></span> <span class='ocrx_word' id='word_1_157' title='bbox 702 2080 801 2143; x_wconf 78' lang='grc' dir='ltr'><em>λοιπὰ</em></span> <span class='ocrx_word' id='word_1_158' title='bbox 819 2079 859 2144; x_wconf 83' lang='grc' dir='ltr'><em>τὰ</em></span> <span class='ocrx_word' id='word_1_159' title='bbox 877 2082 953 2163; x_wconf 87' lang='grc' dir='ltr'><em>ΕΒ,</em></span> <span class='ocrx_word' id='word_1_160' title='bbox 972 2084 1045 2147; x_wconf 89' lang='grc' dir='ltr'><em>ΖΔ</em></span> <span class='ocrx_word' id='word_1_161' title='bbox 1066 2086 1150 2172; x_wconf 75' lang='grc' dir='ltr'><em>πρὸς</em></span> 
     </span>
     <span class='ocr_line' id='line_1_19' title="bbox 128 2181 1149 2273; baseline 0.011 -28"><span class='ocrx_word' id='word_1_162' title='bbox 128 2182 255 2264; x_wconf 73' lang='grc' dir='ltr'><em>ἄλληλα</em></span> <span class='ocrx_word' id='word_1_163' title='bbox 282 2183 355 2265; x_wconf 67' lang='grc' dir='ltr'><em>ἤτοι</em></span> <span class='ocrx_word' id='word_1_164' title='bbox 381 2185 483 2265; x_wconf 93' lang='grc' dir='ltr'><em>λόγον</em></span> <span class='ocrx_word' id='word_1_165' title='bbox 510 2181 573 2262; x_wconf 73' lang='grc' dir='ltr'><em>ἕξει</em></span> <span class='ocrx_word' id='word_1_166' title='bbox 601 2182 795 2268; x_wconf 80' lang='grc' dir='ltr'><em>δεδομένον,</em></span> <span class='ocrx_word' id='word_1_167' title='bbox 827 2183 848 2267; x_wconf 73' lang='grc' dir='ltr'><strong><em>ἢ</em></strong></span> <span class='ocrx_word' id='word_1_168' title='bbox 875 2185 912 2249; x_wconf 85' lang='grc' dir='ltr'><em>τὸ</em></span> <span class='ocrx_word' id='word_1_169' title='bbox 940 2183 1063 2273; x_wconf 77' lang='grc' dir='ltr'><em>ἕτερον</em></span> <span class='ocrx_word' id='word_1_170' title='bbox 1089 2198 1149 2256; x_wconf 80' lang='grc' dir='ltr'><em>τοῦ</em></span> 
     </span>
     <span class='ocr_line' id='line_1_20' title="bbox 129 2285 873 2378; baseline 0.004 -26"><span class='ocrx_word' id='word_1_171' title='bbox 129 2285 243 2374; x_wconf 79' lang='grc' dir='ltr'><em>ἑτέρου</em></span> <span class='ocrx_word' id='word_1_172' title='bbox 268 2287 404 2354; x_wconf 85' lang='grc' dir='ltr'><em>δοθέντι</em></span> <span class='ocrx_word' id='word_1_173' title='bbox 427 2293 536 2373; x_wconf 80' lang='grc' dir='ltr'><em>μεῖζόν</em></span> <span class='ocrx_word' id='word_1_174' title='bbox 559 2290 650 2355; x_wconf 75' lang='grc' dir='ltr'><em>ἐστιν</em></span> <span class='ocrx_word' id='word_1_175' title='bbox 672 2289 693 2372; x_wconf 71' lang='grc' dir='ltr'>ἢ</span> <span class='ocrx_word' id='word_1_176' title='bbox 716 2289 753 2355; x_wconf 85' lang='grc' dir='ltr'><em>έν</em></span> <span class='ocrx_word' id='word_1_177' title='bbox 776 2294 873 2378; x_wconf 81' lang='grc' dir='ltr'><em>λόγω.</em></span> 
     </span>
    </p>

    <p class='ocr_par' dir='ltr' id='par_1_7' title="bbox 73 2392 1148 2800">
     <span class='ocr_line' id='line_1_21' title="bbox 73 2392 1148 2485; baseline 0.01 -27"><span class='ocrx_word' id='word_1_178' title='bbox 73 2410 109 2459; x_wconf 81' lang='lat'><em>20</em></span> <span class='ocrx_word' id='word_1_179' title='bbox 196 2392 265 2459; x_wconf 81' lang='grc' dir='ltr'><em>ε’πεὶ</em></span> <span class='ocrx_word' id='word_1_180' title='bbox 287 2397 351 2481; x_wconf 79' lang='grc' dir='ltr'><em>γὰρ</em></span> <span class='ocrx_word' id='word_1_181' title='bbox 375 2393 529 2482; x_wconf 80' lang='grc' dir='ltr'><em>ἑκάτερον</em></span> <span class='ocrx_word' id='word_1_182' title='bbox 551 2408 619 2462; x_wconf 84' lang='grc' dir='ltr'><em>τῶν</em></span> <span class='ocrx_word' id='word_1_183' title='bbox 637 2401 714 2480; x_wconf 89' lang='grc' dir='ltr'><em>ΑΕ,</em></span> <span class='ocrx_word' id='word_1_184' title='bbox 733 2400 794 2461; x_wconf 91' lang='grc' dir='ltr'><em>ΓΖ</em></span> <span class='ocrx_word' id='word_1_185' title='bbox 819 2394 923 2461; x_wconf 85' lang='grc' dir='ltr'><em>δοθέν</em></span> <span class='ocrx_word' id='word_1_186' title='bbox 941 2394 1024 2483; x_wconf 78' lang='grc' dir='ltr'><em>ἐστι,</em></span> <span class='ocrx_word' id='word_1_187' title='bbox 1049 2402 1148 2485; x_wconf 85' lang='grc' dir='ltr'><em>λόγος</em></span> 
     </span>
     <span class='ocr_line' id='line_1_22' title="bbox 127 2499 1147 2589; baseline 0.008 -23"><span class='ocrx_word' id='word_1_188' title='bbox 127 2503 192 2587; x_wconf 77' lang='grc' dir='ltr'><em>ἄρα</em></span> <span class='ocrx_word' id='word_1_189' title='bbox 219 2511 279 2567; x_wconf 84' lang='grc' dir='ltr'><em>τοῦ</em></span> <span class='ocrx_word' id='word_1_190' title='bbox 302 2508 371 2568; x_wconf 86' lang='lat' dir='ltr'><em>AE</em></span> <span class='ocrx_word' id='word_1_191' title='bbox 400 2506 484 2589; x_wconf 82' lang='grc' dir='ltr'><em>πρὸς</em></span> <span class='ocrx_word' id='word_1_192' title='bbox 507 2507 568 2568; x_wconf 94' lang='grc' dir='ltr'><em>ΓΖ</em></span> <span class='ocrx_word' id='word_1_193' title='bbox 597 2504 719 2580; x_wconf 84' lang='grc' dir='ltr'><em>δοθείς.</em></span> <span class='ocrx_word' id='word_1_194' title='bbox 774 2501 830 2567; x_wconf 80' lang='grc' dir='ltr'><em>καὶ</em></span> <span class='ocrx_word' id='word_1_195' title='bbox 857 2503 888 2567; x_wconf 83' lang='grc' dir='ltr'><em>εό</em></span> <span class='ocrx_word' id='word_1_196' title='bbox 913 2499 975 2587; x_wconf 74' lang='grc' dir='ltr'><em>μέν</em></span> <span class='ocrx_word' id='word_1_197' title='bbox 1001 2504 1021 2570; x_wconf 89' lang='grc' dir='ltr'>ὁ</span> <span class='ocrx_word' id='word_1_198' title='bbox 1047 2508 1147 2585; x_wconf 78' lang='grc' dir='ltr'><em>αὐτός</em></span> 
     </span>
     <span class='ocr_line' id='line_1_23' title="bbox 129 2607 1146 2697; baseline 0.007 -24"><span class='ocrx_word' id='word_1_199' title='bbox 129 2607 198 2674; x_wconf 77' lang='grc' dir='ltr'><em>ἐστι</em></span> <span class='ocrx_word' id='word_1_200' title='bbox 221 2618 266 2697; x_wconf 77' lang='grc' dir='ltr'><em>τῷ</em></span> <span class='ocrx_word' id='word_1_201' title='bbox 290 2618 350 2675; x_wconf 85' lang='grc' dir='ltr'><em>τοῦ</em></span> <span class='ocrx_word' id='word_1_202' title='bbox 373 2612 440 2674; x_wconf 90' lang='grc' dir='ltr'><em>ΑΒ</em></span> <span class='ocrx_word' id='word_1_203' title='bbox 463 2610 546 2694; x_wconf 82' lang='grc' dir='ltr'><em>πρὸς</em></span> <span class='ocrx_word' id='word_1_204' title='bbox 570 2612 640 2692; x_wconf 86' lang='grc' dir='ltr'><em>ΓΛ,</em></span> <span class='ocrx_word' id='word_1_205' title='bbox 666 2607 833 2673; x_wconf 81' lang='grc' dir='ltr'><em>ἔστινκαὶ</em></span> <span class='ocrx_word' id='word_1_206' title='bbox 857 2613 977 2673; x_wconf 83' lang='grc' dir='ltr'><em>λοιποῦ</em></span> <span class='ocrx_word' id='word_1_207' title='bbox 999 2621 1065 2678; x_wconf 84' lang='grc' dir='ltr'><em>τοῦ</em></span> <span class='ocrx_word' id='word_1_208' title='bbox 1083 2616 1146 2679; x_wconf 84' lang='grc' dir='ltr'><em>ΕΒ</em></span> 
     </span>
     <span class='ocr_line' id='line_1_24' title="bbox 126 2696 762 2800; baseline -0.002 -20"><span class='ocrx_word' id='word_1_209' title='bbox 126 2696 209 2800; x_wconf 80' lang='grc' dir='ltr'><em>πρδς</em></span> <span class='ocrx_word' id='word_1_210' title='bbox 232 2717 350 2781; x_wconf 88' lang='grc' dir='ltr'><em>λοιπὸν</em></span> <span class='ocrx_word' id='word_1_211' title='bbox 373 2717 410 2780; x_wconf 86' lang='grc' dir='ltr'><em>τὸ</em></span> <span class='ocrx_word' id='word_1_212' title='bbox 435 2718 497 2778; x_wconf 86' lang='grc' dir='ltr'><em>ΖΛ</em></span> <span class='ocrx_word' id='word_1_213' title='bbox 519 2717 617 2796; x_wconf 80' lang='grc' dir='ltr'><em>λόγος</em></span> <span class='ocrx_word' id='word_1_214' title='bbox 639 2715 762 2792; x_wconf 87' lang='grc' dir='ltr'><em>δοθείς.</em></span> 
     </span>
    </p>

    <p class='ocr_par' dir='ltr' id='par_1_8' title="bbox 72 2818 1143 3013">
     <span class='ocr_line' id='line_1_25' title="bbox 192 2818 1143 2906; baseline 0.006 -20"><span class='ocrx_word' id='word_1_215' title='bbox 192 2823 236 2906; x_wconf 79' lang='grc' dir='ltr'><em>μὴ</em></span> <span class='ocrx_word' id='word_1_216' title='bbox 265 2825 346 2886; x_wconf 78' lang='grc' dir='ltr'><em>ἔστω</em></span> <span class='ocrx_word' id='word_1_217' title='bbox 376 2821 417 2904; x_wconf 80' lang='grc' dir='ltr'><em>δὴ</em></span> <span class='ocrx_word' id='word_1_218' title='bbox 446 2820 464 2885; x_wconf 88' lang='grc' dir='ltr'>ὁ</span> <span class='ocrx_word' id='word_1_219' title='bbox 492 2820 605 2903; x_wconf 84' lang='grc' dir='ltr'><em>αὐτός,</em></span> <span class='ocrx_word' id='word_1_220' title='bbox 637 2818 693 2885; x_wconf 80' lang='grc' dir='ltr'><em>καὶ</em></span> <span class='ocrx_word' id='word_1_221' title='bbox 719 2824 912 2904; x_wconf 79' lang='grc' dir='ltr'><em>πεποιήσθω</em></span> <span class='ocrx_word' id='word_1_222' title='bbox 941 2822 987 2899; x_wconf 85' lang='grc' dir='ltr'><em>ὡς</em></span> <span class='ocrx_word' id='word_1_223' title='bbox 1013 2826 1054 2890; x_wconf 85' lang='grc' dir='ltr'><em>τὸ</em></span> <span class='ocrx_word' id='word_1_224' title='bbox 1078 2828 1143 2891; x_wconf 88' lang='grc' dir='ltr'><em>ΑΒ</em></span> 
     </span>
     <span class='ocr_line' id='line_1_26' title="bbox 72 2926 1143 3013; baseline 0.007 -23"><span class='ocrx_word' id='word_1_225' title='bbox 72 2942 109 2991; x_wconf 76' lang='lat'><em>25</em></span> <span class='ocrx_word' id='word_1_226' title='bbox 127 2928 211 3013; x_wconf 81' lang='grc' dir='ltr'><em>πρὸς</em></span> <span class='ocrx_word' id='word_1_227' title='bbox 234 2930 310 3010; x_wconf 91' lang='grc' dir='ltr'><em>ΓΔ,</em></span> <span class='ocrx_word' id='word_1_228' title='bbox 334 2926 439 3003; x_wconf 78' lang='grc' dir='ltr'><em>οὕτως</em></span> <span class='ocrx_word' id='word_1_229' title='bbox 462 2927 499 2990; x_wconf 84' lang='grc' dir='ltr'><em>τὸ</em></span> <span class='ocrx_word' id='word_1_230' title='bbox 522 2930 599 2991; x_wconf 86' lang='grc' dir='ltr'><em>ΑΗ</em></span> <span class='ocrx_word' id='word_1_231' title='bbox 616 2928 699 3011; x_wconf 79' lang='grc' dir='ltr'><em>πρὸς</em></span> <span class='ocrx_word' id='word_1_232' title='bbox 722 2928 759 2991; x_wconf 83' lang='grc' dir='ltr'><em>τὸ</em></span> <span class='ocrx_word' id='word_1_233' title='bbox 783 2931 853 2992; x_wconf 93' lang='grc' dir='ltr'><em>ΓΖ.</em></span> <span class='ocrx_word' id='word_1_234' title='bbox 899 2930 999 3010; x_wconf 82' lang='grc' dir='ltr'><em>λόγος</em></span> <span class='ocrx_word' id='word_1_235' title='bbox 1021 2928 1063 2997; x_wconf 73' lang='grc' dir='ltr'><em>δὲ</em></span> <span class='ocrx_word' id='word_1_236' title='bbox 1086 2940 1143 2998; x_wconf 83' lang='grc' dir='ltr'><em>τοῦ</em></span> 
     </span>
    </p>
   </div>
   <div class='ocr_carea' id='block_1_4' title="bbox 73 3117 1142 3545">
    <p class='ocr_par' dir='ltr' id='par_1_9' title="bbox 129 3117 1142 3194">
     <span class='ocr_line' id='line_1_27' title="bbox 129 3117 1142 3194; baseline 0.002 -21"><span class='ocrx_word' id='word_1_237' title='bbox 129 3122 132 3127; x_wconf 60' lang='grc'><em>“</em></span> <span class='ocrx_word' id='word_1_238' title='bbox 201 3127 225 3175; x_wconf 79' lang='grc'><em>2.</em></span> <span class='ocrx_word' id='word_1_239' title='bbox 245 3119 276 3173; x_wconf 82' lang='grc' dir='ltr'><em>τὸ</em></span> <span class='ocrx_word' id='word_1_240' title='bbox 298 3122 346 3173; x_wconf 88' lang='grc' dir='ltr'>ΓΔ</span> <span class='ocrx_word' id='word_1_241' title='bbox 365 3135 390 3173; x_wconf 77' lang='lat' dir='ltr'><em>a.</em></span> <span class='ocrx_word' id='word_1_242' title='bbox 463 3117 494 3170; x_wconf 88' lang='grc' dir='ltr'><em>τὸ</em></span> <span class='ocrx_word' id='word_1_243' title='bbox 516 3120 570 3171; x_wconf 93' lang='grc' dir='ltr'><em>ΖΓ</em></span> <span class='ocrx_word' id='word_1_244' title='bbox 584 3134 609 3171; x_wconf 79' lang='lat' dir='ltr'><em>a.</em></span> <span class='ocrx_word' id='word_1_245' title='bbox 682 3117 850 3186; x_wconf 85' lang='grc' dir='ltr'><em>λόγος-3.</em></span> <span class='ocrx_word' id='word_1_246' title='bbox 872 3121 927 3172; x_wconf 92' lang='grc' dir='ltr'>ΖΓ</span> <span class='ocrx_word' id='word_1_247' title='bbox 937 3119 1023 3194; x_wconf 78' lang='lat' dir='ltr'><strong>(alt.)]</strong></span> <span class='ocrx_word' id='word_1_248' title='bbox 1043 3139 1101 3179; x_wconf 87' lang='lat' dir='ltr'><em>om.</em></span> <span class='ocrx_word' id='word_1_249' title='bbox 1118 3140 1142 3178; x_wconf 78' lang='grc' dir='ltr'><em>ο.</em></span> 
     </span>
    </p>

    <p class='ocr_par' dir='ltr' id='par_1_10' title="bbox 161 3187 1142 3259">
     <span class='ocr_line' id='line_1_28' title="bbox 161 3187 1142 3259; baseline 0.006 -14"><span class='ocrx_word' id='word_1_250' title='bbox 161 3196 187 3245; x_wconf 81' lang='grc'><em>3.</em></span> <span class='ocrx_word' id='word_1_251' title='bbox 210 3193 265 3244; x_wconf 89' lang='grc' dir='ltr'>ΖΓ</span> <span class='ocrx_word' id='word_1_252' title='bbox 276 3187 458 3259; x_wconf 64' lang='lat' dir='ltr'>(utrumquen</span> <span class='ocrx_word' id='word_1_253' title='bbox 480 3191 531 3241; x_wconf 91' lang='grc' dir='ltr'><em>ΓΖ</em></span> <span class='ocrx_word' id='word_1_254' title='bbox 549 3206 575 3242; x_wconf 84' lang='lat' dir='ltr'><em>v.</em></span> <span class='ocrx_word' id='word_1_255' title='bbox 649 3194 673 3242; x_wconf 77' lang='grc' dir='ltr'><em>ὁ.</em></span> <span class='ocrx_word' id='word_1_256' title='bbox 694 3188 749 3242; x_wconf 82' lang='grc' dir='ltr'><em>ἐστι</em></span> <span class='ocrx_word' id='word_1_257' title='bbox 768 3189 849 3245; x_wconf 83' lang='lat' dir='ltr'><strong>codd.</strong></span> <span class='ocrx_word' id='word_1_258' title='bbox 922 3188 985 3246; x_wconf 76' lang='grc' dir='ltr'><em>ἐπεί</em></span> <span class='ocrx_word' id='word_1_259' title='bbox 999 3224 1034 3233; x_wconf 86' lang='grc'>-</span> <span class='ocrx_word' id='word_1_260' title='bbox 1052 3198 1078 3251; x_wconf 82' lang='grc'><em>7.</em></span> <span class='ocrx_word' id='word_1_261' title='bbox 1098 3197 1142 3251; x_wconf 82' lang='grc' dir='ltr'><em>δο-</em></span> 
     </span>
    </p>

    <p class='ocr_par' dir='ltr' id='par_1_11' title="bbox 73 3256 1141 3333">
     <span class='ocr_line' id='line_1_29' title="bbox 73 3256 1141 3333; baseline 0.004 -17"><span class='ocrx_word' id='word_1_262' title='bbox 73 3290 76 3295; x_wconf 91' lang='grc'><strong><em>·</em></strong></span> <span class='ocrx_word' id='word_1_263' title='bbox 124 3258 201 3333; x_wconf 81' lang='grc' dir='ltr'><em>θείς]</em></span> <span class='ocrx_word' id='word_1_264' title='bbox 221 3259 287 3315; x_wconf 84' lang='grc' dir='ltr'><em>ὅλον</em></span> <span class='ocrx_word' id='word_1_265' title='bbox 305 3267 355 3314; x_wconf 77' lang='grc' dir='ltr'><em>τοῦ</em></span> <span class='ocrx_word' id='word_1_266' title='bbox 375 3262 431 3312; x_wconf 89' lang='grc' dir='ltr'><em>ΗΒ</em></span> <span class='ocrx_word' id='word_1_267' title='bbox 448 3258 518 3326; x_wconf 82' lang='grc' dir='ltr'><em>πρὸς</em></span> <span class='ocrx_word' id='word_1_268' title='bbox 537 3256 602 3313; x_wconf 80' lang='grc' dir='ltr'><em>ὅλον</em></span> <span class='ocrx_word' id='word_1_269' title='bbox 621 3259 651 3313; x_wconf 86' lang='grc' dir='ltr'><em>τὸ</em></span> <span class='ocrx_word' id='word_1_270' title='bbox 669 3264 716 3313; x_wconf 87' lang='grc' dir='ltr'><em>ΖΔ</em></span> <span class='ocrx_word' id='word_1_271' title='bbox 734 3258 815 3328; x_wconf 82' lang='grc' dir='ltr'><em>λόγος</em></span> <span class='ocrx_word' id='word_1_272' title='bbox 833 3259 890 3314; x_wconf 71' lang='grc' dir='ltr'><em>ἐστὶ</em></span> <span class='ocrx_word' id='word_1_273' title='bbox 908 3260 1009 3326; x_wconf 79' lang='grc' dir='ltr'><em>δοθεές</em></span> <span class='ocrx_word' id='word_1_274' title='bbox 1027 3280 1053 3320; x_wconf 80' lang='grc' dir='ltr'><em>ο.</em></span> <span class='ocrx_word' id='word_1_275' title='bbox 1118 3272 1141 3320; x_wconf 80' lang='grc' dir='ltr'><em>δ.</em></span> 
     </span>
    </p>

    <p class='ocr_par' dir='ltr' id='par_1_12' title="bbox 126 3329 1140 3404">
     <span class='ocr_line' id='line_1_30' title="bbox 126 3329 1140 3404; baseline 0.004 -17"><span class='ocrx_word' id='word_1_276' title='bbox 126 3333 190 3404; x_wconf 86' lang='lat' dir='ltr'><em>HA]</em></span> <span class='ocrx_word' id='word_1_277' title='bbox 210 3336 265 3387; x_wconf 85' lang='lat' dir='ltr'><em>HA</em></span> <span class='ocrx_word' id='word_1_278' title='bbox 283 3350 309 3386; x_wconf 88' lang='lat' dir='ltr'><em>v.</em></span> <span class='ocrx_word' id='word_1_279' title='bbox 367 3330 433 3401; x_wconf 87' lang='grc' dir='ltr'><em>ΖΓ]</em></span> <span class='ocrx_word' id='word_1_280' title='bbox 449 3333 501 3383; x_wconf 88' lang='grc' dir='ltr'><em>ΓΖ</em></span> <span class='ocrx_word' id='word_1_281' title='bbox 516 3347 542 3384; x_wconf 72' lang='lat' dir='ltr'><em>V.</em></span> <span class='ocrx_word' id='word_1_282' title='bbox 590 3335 622 3385; x_wconf 76' lang='lat'><em>·7.</em></span> <span class='ocrx_word' id='word_1_283' title='bbox 642 3330 714 3385; x_wconf 80' lang='grc' dir='ltr'><em>ἐστιν</em></span> <span class='ocrx_word' id='word_1_284' title='bbox 733 3349 759 3385; x_wconf 89' lang='lat' dir='ltr'><em>v.</em></span> <span class='ocrx_word' id='word_1_285' title='bbox 814 3332 845 3385; x_wconf 85' lang='grc' dir='ltr'><em>τὸ</em></span> <span class='ocrx_word' id='word_1_286' title='bbox 860 3329 951 3387; x_wconf 71' lang='grc' dir='ltr'><em>δοθὲν</em></span> <span class='ocrx_word' id='word_1_287' title='bbox 965 3334 998 3389; x_wconf 83' lang='grc' dir='ltr'><em>τό</em></span> <span class='ocrx_word' id='word_1_288' title='bbox 1012 3335 1043 3391; x_wconf 88' lang='grc' dir='ltr'><em>Ρ.</em></span> <span class='ocrx_word' id='word_1_289' title='bbox 1102 3342 1140 3391; x_wconf 75' lang='lat'><em>12.</em></span> 
     </span>
    </p>

    <p class='ocr_par' dir='ltr' id='par_1_13' title="bbox 126 3401 1140 3545">
     <span class='ocr_line' id='line_1_31' title="bbox 126 3401 1140 3477; baseline 0.006 -20"><span class='ocrx_word' id='word_1_290' title='bbox 126 3402 185 3475; x_wconf 73' lang='grc' dir='ltr'><em>ἔχει</em></span> <span class='ocrx_word' id='word_1_291' title='bbox 203 3404 228 3475; x_wconf 81' lang='grc' dir='ltr'><em>β.</em></span> <span class='ocrx_word' id='word_1_292' title='bbox 306 3406 347 3456; x_wconf 78' lang='grc'><em>17.</em></span> <span class='ocrx_word' id='word_1_293' title='bbox 374 3403 436 3474; x_wconf 87' lang='grc' dir='ltr'>ΓΖ]</span> <span class='ocrx_word' id='word_1_294' title='bbox 459 3404 512 3454; x_wconf 91' lang='grc' dir='ltr'>ΖΓ</span> <span class='ocrx_word' id='word_1_295' title='bbox 528 3417 553 3456; x_wconf 82' lang='lat' dir='ltr'><em>a.</em></span> <span class='ocrx_word' id='word_1_296' title='bbox 634 3405 675 3456; x_wconf 83' lang='grc'><em>18.</em></span> <span class='ocrx_word' id='word_1_297' title='bbox 696 3401 752 3472; x_wconf 69' lang='grc' dir='ltr'><em>ἔχει</em></span> <span class='ocrx_word' id='word_1_298' title='bbox 770 3418 796 3456; x_wconf 78' lang='grc' dir='ltr'><em>ο.</em></span> <span class='ocrx_word' id='word_1_299' title='bbox 874 3408 916 3457; x_wconf 80' lang='lat'><em>20.</em></span> <span class='ocrx_word' id='word_1_300' title='bbox 935 3406 1005 3477; x_wconf 82' lang='grc' dir='ltr'><em>τῶν]</em></span> <span class='ocrx_word' id='word_1_301' title='bbox 1024 3406 1058 3461; x_wconf 81' lang='grc' dir='ltr'><em>τό</em></span> <span class='ocrx_word' id='word_1_302' title='bbox 1077 3406 1140 3463; x_wconf 75' lang='lat' dir='ltr'>vat.</span> 
     </span>
     <span class='ocr_line' id='line_1_32' title="bbox 162 3472 687 3545; baseline -0.008 -15"><span class='ocrx_word' id='word_1_303' title='bbox 162 3480 205 3529; x_wconf 73' lang='lat'><em>21.</em></span> <span class='ocrx_word' id='word_1_304' title='bbox 224 3474 341 3530; x_wconf 76' lang='grc' dir='ltr'><em>καὶτοῦ</em></span> <span class='ocrx_word' id='word_1_305' title='bbox 361 3490 386 3528; x_wconf 76' lang='grc' dir='ltr'><em>ο.</em></span> <span class='ocrx_word' id='word_1_306' title='bbox 460 3477 501 3527; x_wconf 77' lang='lat'><em>22.</em></span> <span class='ocrx_word' id='word_1_307' title='bbox 520 3472 570 3545; x_wconf 78' lang='grc' dir='ltr'><em>τῷ]</em></span> <span class='ocrx_word' id='word_1_308' title='bbox 590 3488 643 3526; x_wconf 87' lang='lat' dir='ltr'><em>om.</em></span> <span class='ocrx_word' id='word_1_309' title='bbox 663 3488 687 3526; x_wconf 82' lang='lat' dir='ltr'><em>a.</em></span> 
     </span>
    </p>
   </div>
   <div class='ocr_carea' id='block_1_5' title="bbox 0 0 1182 3818">
    <p class='ocr_par' dir='ltr' id='par_1_14' title="bbox 0 0 1182 3818">
     <span class='ocr_line' id='line_1_33' title="bbox 0 0 1182 3818; baseline 0 3"><span class='ocrx_word' id='word_1_310' title='bbox 0 0 1182 3818; x_wconf 95' lang='lat' dir='ltr'><em> </em></span> 
     </span>
    </p>
   </div>
  </div>
 </body>
</html>
