<?xml version="1.0" encoding="UTF-8"?>
<!DOCTYPE html PUBLIC "-//W3C//DTD XHTML 1.0 Transitional//EN"
    "http://www.w3.org/TR/xhtml1/DTD/xhtml1-transitional.dtd">
<html xmlns="http://www.w3.org/1999/xhtml" xml:lang="en" lang="en">
 <head>
  <title>
</title>
<meta http-equiv="Content-Type" content="text/html;charset=utf-8" />
  <meta name='ocr-system' content='tesseract 3.04.00' />
  <meta name='ocr-capabilities' content='ocr_page ocr_carea ocr_par ocr_line ocrx_word'/>
</head>
<body>
  <div class='ocr_page' id='page_1' title='image "./euclidisoperaom09unkngoog_0357.png"; bbox 0 0 2356 3818; ppageno 0'>
   <div class='ocr_carea' id='block_1_1' title="bbox 123 123 714 188">
    <p class='ocr_par' dir='ltr' id='par_1_1' title="bbox 123 123 714 188">
     <span class='ocr_line' id='line_1_1' title="bbox 123 123 714 188; baseline 0.005 -13"><span class='ocrx_word' id='word_1_1' title='bbox 123 123 189 188; x_wconf 76' lang='lat'><em>280</em></span> <span class='ocrx_word' id='word_1_2' title='bbox 550 126 714 178; x_wconf 73' lang='grc' dir='ltr'><em>εοεῑοεεε.</em></span> 
     </span>
    </p>
   </div>
   <div class='ocr_carea' id='block_1_2' title="bbox 74 262 1178 2187">
    <p class='ocr_par' dir='ltr' id='par_1_2' title="bbox 123 262 1178 674">
     <span class='ocr_line' id='line_1_2' title="bbox 123 262 1104 355; baseline 0 -23"><span class='ocrx_word' id='word_1_3' title='bbox 123 269 271 352; x_wconf 70' lang='grc' dir='ltr'><em>σχήματα</em></span> <span class='ocrx_word' id='word_1_4' title='bbox 294 277 339 355; x_wconf 73' lang='grc' dir='ltr'><em>τῷ</em></span> <span class='ocrx_word' id='word_1_5' title='bbox 363 269 444 333; x_wconf 73' lang='grc' dir='ltr'><em>εἴδει</em></span> <span class='ocrx_word' id='word_1_6' title='bbox 468 269 629 333; x_wconf 77' lang='grc' dir='ltr'><em>δεδόσθαι</em></span> <span class='ocrx_word' id='word_1_7' title='bbox 652 266 795 351; x_wconf 81' lang='grc' dir='ltr'><em>λέγεται,</em></span> <span class='ocrx_word' id='word_1_8' title='bbox 824 262 872 332; x_wconf 83' lang='grc' dir='ltr'><em>ὧν</em></span> <span class='ocrx_word' id='word_1_9' title='bbox 899 268 993 332; x_wconf 78' lang='grc' dir='ltr'><em>αἵτε</em></span> <span class='ocrx_word' id='word_1_10' title='bbox 1020 272 1104 350; x_wconf 84' lang='grc' dir='ltr'><em>γωνί</em></span> 
     </span>
     <span class='ocr_line' id='line_1_3' title="bbox 124 371 1176 460; baseline -0.005 -22"><span class='ocrx_word' id='word_1_11' title='bbox 124 373 298 458; x_wconf 75' lang='grc' dir='ltr'><em>δεδομέναι</em></span> <span class='ocrx_word' id='word_1_12' title='bbox 326 374 389 440; x_wconf 77' lang='grc' dir='ltr'><em>εἰσὶ</em></span> <span class='ocrx_word' id='word_1_13' title='bbox 416 375 499 438; x_wconf 75' lang='grc' dir='ltr'><em>κατὰ</em></span> <span class='ocrx_word' id='word_1_14' title='bbox 527 377 608 457; x_wconf 81' lang='grc' dir='ltr'><em>μίαν</em></span> <span class='ocrx_word' id='word_1_15' title='bbox 634 371 690 438; x_wconf 81' lang='grc' dir='ltr'><em>καὶ</em></span> <span class='ocrx_word' id='word_1_16' title='bbox 718 376 754 438; x_wconf 79' lang='grc' dir='ltr'><em>οό</em></span> <span class='ocrx_word' id='word_1_17' title='bbox 773 376 868 457; x_wconf 92' lang='grc' dir='ltr'><em>λόγοι</em></span> <span class='ocrx_word' id='word_1_18' title='bbox 896 385 965 439; x_wconf 81' lang='grc' dir='ltr'><em>τῶν</em></span> <span class='ocrx_word' id='word_1_19' title='bbox 986 379 1176 460; x_wconf 47' lang='grc' dir='ltr'><em>πλευρα-</em></span> 
     </span>
     <span class='ocr_line' id='line_1_4' title="bbox 123 479 1168 566; baseline -0.006 -21"><span class='ocrx_word' id='word_1_20' title='bbox 123 483 207 566; x_wconf 80' lang='grc' dir='ltr'><em>πρὸς</em></span> <span class='ocrx_word' id='word_1_21' title='bbox 235 480 378 564; x_wconf 78' lang='grc' dir='ltr'><em>ἀλλήλας</em></span> <span class='ocrx_word' id='word_1_22' title='bbox 405 479 593 564; x_wconf 81' lang='grc' dir='ltr'><em>δεδομένοι,</em></span> <span class='ocrx_word' id='word_1_23' title='bbox 626 479 685 544; x_wconf 80' lang='grc' dir='ltr'><em>ἐὰν</em></span> <span class='ocrx_word' id='word_1_24' title='bbox 712 482 902 564; x_wconf 79' lang='grc' dir='ltr'><em>ποιήσωμεν</em></span> <span class='ocrx_word' id='word_1_25' title='bbox 929 479 1097 566; x_wconf 81' lang='grc' dir='ltr'><em>ὀρθογόνι</em></span> <span class='ocrx_word' id='word_1_26' title='bbox 1120 511 1168 539; x_wconf 73' lang='lat'><em>.-</em></span> 
     </span>
     <span class='ocr_line' id='line_1_5' title="bbox 124 583 1178 674; baseline -0.001 -23"><span class='ocrx_word' id='word_1_27' title='bbox 124 590 469 674; x_wconf 79' lang='grc' dir='ltr'><em>παραλληλόγραμμον</em></span> <span class='ocrx_word' id='word_1_28' title='bbox 496 587 533 650; x_wconf 84' lang='grc' dir='ltr'><em>τὸ</em></span> <span class='ocrx_word' id='word_1_29' title='bbox 561 589 698 650; x_wconf 87' lang='grc' dir='ltr'><em>ΑΒΓΔ</em></span> <span class='ocrx_word' id='word_1_30' title='bbox 730 589 806 670; x_wconf 82' lang='grc' dir='ltr'><em>ἔχον</em></span> <span class='ocrx_word' id='word_1_31' title='bbox 839 592 917 669; x_wconf 77' lang='grc' dir='ltr'><em>ἴσην</em></span> <span class='ocrx_word' id='word_1_32' title='bbox 947 595 988 671; x_wconf 78' lang='grc' dir='ltr'><em>τῇ</em></span> <span class='ocrx_word' id='word_1_33' title='bbox 1019 583 1078 670; x_wconf 78' lang='grc' dir='ltr'><em>μδν</em></span> <span class='ocrx_word' id='word_1_34' title='bbox 1161 614 1178 643; x_wconf 76' lang='grc' dir='ltr'><em>ι</em></span> 
     </span>
    </p>

    <p class='ocr_par' dir='ltr' id='par_1_3' title="bbox 88 688 1174 1202">
     <span class='ocr_line' id='line_1_6' title="bbox 88 688 1174 779; baseline 0.004 -27"><span class='ocrx_word' id='word_1_35' title='bbox 88 696 185 777; x_wconf 75' lang='grc' dir='ltr'><em>οτὴν</em></span> <span class='ocrx_word' id='word_1_36' title='bbox 209 699 286 776; x_wconf 77' lang='grc' dir='ltr'><em>ΑΒ,</em></span> <span class='ocrx_word' id='word_1_37' title='bbox 309 704 348 779; x_wconf 83' lang='grc' dir='ltr'><em>τῇ</em></span> <span class='ocrx_word' id='word_1_38' title='bbox 373 689 409 757; x_wconf 78' lang='grc' dir='ltr'><em>δδ</em></span> <span class='ocrx_word' id='word_1_39' title='bbox 434 697 461 756; x_wconf 91' lang='grc' dir='ltr'><strong><em>Ζ</em></strong></span> <span class='ocrx_word' id='word_1_40' title='bbox 485 697 561 775; x_wconf 73' lang='grc' dir='ltr'><em>ἴσην</em></span> <span class='ocrx_word' id='word_1_41' title='bbox 582 693 645 775; x_wconf 81' lang='grc' dir='ltr'><em>τὴν</em></span> <span class='ocrx_word' id='word_1_42' title='bbox 667 695 740 775; x_wconf 81' lang='grc' dir='ltr'><em>ΒΓ,</em></span> <span class='ocrx_word' id='word_1_43' title='bbox 764 695 880 776; x_wconf 80' lang='grc' dir='ltr'><em>ἔχομεν</em></span> <span class='ocrx_word' id='word_1_44' title='bbox 902 703 971 758; x_wconf 82' lang='grc' dir='ltr'><em>τῶν</em></span> <span class='ocrx_word' id='word_1_45' title='bbox 992 688 1054 776; x_wconf 69' lang='grc' dir='ltr'><em>μὲν</em></span> <span class='ocrx_word' id='word_1_46' title='bbox 1075 715 1174 774; x_wconf 70' lang='grc' dir='ltr'><em>γω-</em></span> 
     </span>
     <span class='ocr_line' id='line_1_7' title="bbox 124 794 1167 884; baseline -0.003 -20"><span class='ocrx_word' id='word_1_47' title='bbox 124 811 208 865; x_wconf 86' lang='grc' dir='ltr'><em>νιῶν</em></span> <span class='ocrx_word' id='word_1_48' title='bbox 227 797 367 883; x_wconf 80' lang='grc' dir='ltr'><em>ἑκάστην</em></span> <span class='ocrx_word' id='word_1_49' title='bbox 387 797 569 883; x_wconf 81' lang='grc' dir='ltr'><em>δεδομένην</em></span> <span class='ocrx_word' id='word_1_50' title='bbox 588 799 699 862; x_wconf 81' lang='grc' dir='ltr'><em>διὰτὸ</em></span> <span class='ocrx_word' id='word_1_51' title='bbox 718 798 829 884; x_wconf 74' lang='grc' dir='ltr'><em>ὀρθὴν</em></span> <span class='ocrx_word' id='word_1_52' title='bbox 847 794 946 864; x_wconf 77' lang='grc' dir='ltr'><em>εἶναι·</em></span> <span class='ocrx_word' id='word_1_53' title='bbox 970 807 1058 864; x_wconf 82' lang='grc' dir='ltr'><em>πᾶσα</em></span> <span class='ocrx_word' id='word_1_54' title='bbox 1075 798 1167 881; x_wconf 74' lang='grc' dir='ltr'><em>γὰρ</em></span> 
     </span>
     <span class='ocr_line' id='line_1_8' title="bbox 124 903 1163 992; baseline -0.005 -22"><span class='ocrx_word' id='word_1_55' title='bbox 124 905 213 991; x_wconf 80' lang='grc' dir='ltr'><em>ὀρθὴ</em></span> <span class='ocrx_word' id='word_1_56' title='bbox 233 905 379 970; x_wconf 82' lang='grc' dir='ltr'><em>δέδοται·</em></span> <span class='ocrx_word' id='word_1_57' title='bbox 403 905 491 992; x_wconf 75' lang='grc' dir='ltr'><em>ὀρθὴ</em></span> <span class='ocrx_word' id='word_1_58' title='bbox 511 905 574 989; x_wconf 79' lang='grc' dir='ltr'><em>γὰρ</em></span> <span class='ocrx_word' id='word_1_59' title='bbox 589 903 697 989; x_wconf 77' lang='grc' dir='ltr'><em>ὀρθῆς</em></span> <span class='ocrx_word' id='word_1_60' title='bbox 711 904 752 968; x_wconf 86' lang='grc' dir='ltr'><em>οὐ</em></span> <span class='ocrx_word' id='word_1_61' title='bbox 767 903 927 990; x_wconf 82' lang='grc' dir='ltr'><em>διαφέρει.</em></span> <span class='ocrx_word' id='word_1_62' title='bbox 957 903 1013 970; x_wconf 77' lang='grc' dir='ltr'><em>καὶ</em></span> <span class='ocrx_word' id='word_1_63' title='bbox 1027 906 1163 988; x_wconf 75' lang='grc' dir='ltr'><em>δῆλον,</em></span> 
     </span>
     <span class='ocr_line' id='line_1_9' title="bbox 125 1007 1160 1095; baseline -0.004 -20"><span class='ocrx_word' id='word_1_64' title='bbox 125 1011 176 1076; x_wconf 84' lang='grc' dir='ltr'><em>ότι</em></span> <span class='ocrx_word' id='word_1_65' title='bbox 199 1010 254 1075; x_wconf 79' lang='grc' dir='ltr'><em>καὶ</em></span> <span class='ocrx_word' id='word_1_66' title='bbox 278 1013 313 1075; x_wconf 81' lang='grc' dir='ltr'><em>οί</em></span> <span class='ocrx_word' id='word_1_67' title='bbox 334 1013 427 1094; x_wconf 89' lang='grc' dir='ltr'><em>λόγοι</em></span> <span class='ocrx_word' id='word_1_68' title='bbox 450 1021 517 1074; x_wconf 82' lang='grc' dir='ltr'><em>τῶν</em></span> <span class='ocrx_word' id='word_1_69' title='bbox 539 1015 694 1095; x_wconf 79' lang='grc' dir='ltr'><em>πλευρῶν</em></span> <span class='ocrx_word' id='word_1_70' title='bbox 717 1008 891 1093; x_wconf 86' lang='grc' dir='ltr'><em>δεδομένοι</em></span> <span class='ocrx_word' id='word_1_71' title='bbox 914 1011 1012 1074; x_wconf 81' lang='grc' dir='ltr'><em>εἰσίν·</em></span> <span class='ocrx_word' id='word_1_72' title='bbox 1036 1009 1053 1074; x_wconf 87' lang='grc' dir='ltr'>ὁ</span> <span class='ocrx_word' id='word_1_73' title='bbox 1076 1007 1160 1092; x_wconf 75' lang='grc' dir='ltr'><em>γὰρ</em></span> 
     </span>
     <span class='ocr_line' id='line_1_10' title="bbox 125 1113 1157 1202; baseline -0.006 -21"><span class='ocrx_word' id='word_1_74' title='bbox 125 1125 183 1201; x_wconf 77' lang='grc' dir='ltr'><em>τῆς</em></span> <span class='ocrx_word' id='word_1_75' title='bbox 206 1122 272 1181; x_wconf 87' lang='grc' dir='ltr'><em>ΑΒ</em></span> <span class='ocrx_word' id='word_1_76' title='bbox 300 1119 384 1202; x_wconf 81' lang='grc' dir='ltr'><em>πρὸς</em></span> <span class='ocrx_word' id='word_1_77' title='bbox 406 1120 474 1181; x_wconf 88' lang='grc' dir='ltr'><em>ΒΓ</em></span> <span class='ocrx_word' id='word_1_78' title='bbox 496 1119 594 1198; x_wconf 78' lang='grc' dir='ltr'><em>λόγος</em></span> <span class='ocrx_word' id='word_1_79' title='bbox 621 1114 768 1199; x_wconf 81' lang='grc' dir='ltr'><em>δέδοται,</em></span> <span class='ocrx_word' id='word_1_80' title='bbox 801 1114 871 1180; x_wconf 79' lang='grc' dir='ltr'><em>ἐπεὶ</em></span> <span class='ocrx_word' id='word_1_81' title='bbox 898 1113 954 1180; x_wconf 81' lang='grc' dir='ltr'><em>καὶ</em></span> <span class='ocrx_word' id='word_1_82' title='bbox 982 1116 1000 1181; x_wconf 90' lang='grc' dir='ltr'>ὁ</span> <span class='ocrx_word' id='word_1_83' title='bbox 1027 1125 1084 1199; x_wconf 77' lang='grc' dir='ltr'><em>τῆς</em></span> <span class='ocrx_word' id='word_1_84' title='bbox 1122 1116 1157 1175; x_wconf 83' lang='grc' dir='ltr'><em>Δ</em></span> 
     </span>
    </p>

    <p class='ocr_par' dir='ltr' id='par_1_4' title="bbox 74 1216 1156 1411">
     <span class='ocr_line' id='line_1_11' title="bbox 74 1216 1156 1309; baseline -0.003 -27"><span class='ocrx_word' id='word_1_85' title='bbox 74 1236 108 1283; x_wconf 86' lang='grc'><em>10</em></span> <span class='ocrx_word' id='word_1_86' title='bbox 127 1225 210 1309; x_wconf 79' lang='grc' dir='ltr'><strong>πρὸς</strong></span> <span class='ocrx_word' id='word_1_87' title='bbox 235 1227 262 1286; x_wconf 91' lang='grc' dir='ltr'>Ζ</span> <span class='ocrx_word' id='word_1_88' title='bbox 286 1225 383 1305; x_wconf 81' lang='grc' dir='ltr'><em>λόγος</em></span> <span class='ocrx_word' id='word_1_89' title='bbox 407 1220 548 1287; x_wconf 84' lang='grc' dir='ltr'><em>δέδοται.</em></span> <span class='ocrx_word' id='word_1_90' title='bbox 585 1219 641 1286; x_wconf 81' lang='grc' dir='ltr'><em>καὶ</em></span> <span class='ocrx_word' id='word_1_91' title='bbox 664 1221 721 1285; x_wconf 89' lang='grc' dir='ltr'><em>διδι</em></span> <span class='ocrx_word' id='word_1_92' title='bbox 743 1231 841 1286; x_wconf 83' lang='grc' dir='ltr'><em>τοῦτο</em></span> <span class='ocrx_word' id='word_1_93' title='bbox 865 1222 997 1286; x_wconf 84' lang='grc' dir='ltr'><em>δέδοται</em></span> <span class='ocrx_word' id='word_1_94' title='bbox 1020 1223 1057 1287; x_wconf 82' lang='grc' dir='ltr'><em>τὸ</em></span> <span class='ocrx_word' id='word_1_95' title='bbox 1074 1216 1156 1286; x_wconf 77' lang='grc' dir='ltr'><em>ὑπὸ</em></span> 
     </span>
     <span class='ocr_line' id='line_1_12' title="bbox 125 1332 315 1411; baseline -0.005 -19"><span class='ocrx_word' id='word_1_96' title='bbox 125 1339 193 1392; x_wconf 85' lang='grc' dir='ltr'><em>τῶν</em></span> <span class='ocrx_word' id='word_1_97' title='bbox 215 1334 258 1411; x_wconf 79' lang='lat' dir='ltr'><em>A,</em></span> <span class='ocrx_word' id='word_1_98' title='bbox 278 1332 315 1391; x_wconf 92' lang='grc' dir='ltr'><em>Ζ.</em></span> 
     </span>
    </p>

    <p class='ocr_par' dir='ltr' id='par_1_5' title="bbox 126 1448 1149 1749">
     <span class='ocr_line' id='line_1_13' title="bbox 194 1448 1149 1536; baseline -0.004 -22"><span class='ocrx_word' id='word_1_99' title='bbox 194 1453 243 1515; x_wconf 77' lang='grc'><em>79.</em></span> <span class='ocrx_word' id='word_1_100' title='bbox 282 1456 433 1514; x_wconf 81' lang='grc' dir='ltr'><em>Δοθεῖσα</em></span> <span class='ocrx_word' id='word_1_101' title='bbox 466 1451 530 1535; x_wconf 76' lang='grc' dir='ltr'><em>ἄρα</em></span> <span class='ocrx_word' id='word_1_102' title='bbox 563 1448 654 1515; x_wconf 80' lang='grc' dir='ltr'><em>ἐστὶν</em></span> <span class='ocrx_word' id='word_1_103' title='bbox 680 1449 700 1533; x_wconf 82' lang='grc' dir='ltr'><em>ἡ</em></span> <span class='ocrx_word' id='word_1_104' title='bbox 730 1455 761 1515; x_wconf 84' lang='grc' dir='ltr'><em>Ε</em></span> <span class='ocrx_word' id='word_1_105' title='bbox 790 1474 820 1535; x_wconf 88' lang='lat' dir='ltr'><em>p.</em></span> <span class='ocrx_word' id='word_1_106' title='bbox 844 1452 902 1536; x_wconf 85' lang='lat'><em>44,</em></span> <span class='ocrx_word' id='word_1_107' title='bbox 925 1452 983 1535; x_wconf 82' lang='grc'><em>24]</em></span> <span class='ocrx_word' id='word_1_108' title='bbox 1016 1453 1048 1516; x_wconf 80' lang='grc' dir='ltr'><em>ελ</em></span> <span class='ocrx_word' id='word_1_109' title='bbox 1076 1448 1149 1533; x_wconf 80' lang='grc' dir='ltr'><em>γὰρ</em></span> 
     </span>
     <span class='ocr_line' id='line_1_14' title="bbox 127 1554 1145 1641; baseline -0.004 -19"><span class='ocrx_word' id='word_1_110' title='bbox 127 1557 264 1622; x_wconf 83' lang='grc' dir='ltr'><em>δέδοταί</em></span> <span class='ocrx_word' id='word_1_111' title='bbox 288 1581 345 1641; x_wconf 90' lang='grc' dir='ltr'><em>μοι</em></span> <span class='ocrx_word' id='word_1_112' title='bbox 377 1557 414 1621; x_wconf 86' lang='grc' dir='ltr'><em>τὸ</em></span> <span class='ocrx_word' id='word_1_113' title='bbox 443 1556 665 1641; x_wconf 75' lang='grc' dir='ltr'><em>τετράγωνον,</em></span> <span class='ocrx_word' id='word_1_114' title='bbox 699 1554 767 1620; x_wconf 78' lang='grc' dir='ltr'><em>ἐπεὶ</em></span> <span class='ocrx_word' id='word_1_115' title='bbox 797 1554 852 1621; x_wconf 78' lang='grc' dir='ltr'><em>καὶ</em></span> <span class='ocrx_word' id='word_1_116' title='bbox 883 1557 921 1621; x_wconf 81' lang='grc' dir='ltr'><em>τὸ</em></span> <span class='ocrx_word' id='word_1_117' title='bbox 951 1562 1025 1622; x_wconf 78' lang='grc' dir='ltr'><em>ἴσον</em></span> <span class='ocrx_word' id='word_1_118' title='bbox 1052 1557 1145 1638; x_wconf 74' lang='grc' dir='ltr'><em>αὐτῷ</em></span> 
     </span>
     <span class='ocr_line' id='line_1_15' title="bbox 126 1656 1140 1749; baseline -0.001 -20"><span class='ocrx_word' id='word_1_119' title='bbox 126 1667 470 1749; x_wconf 82' lang='grc' dir='ltr'><em>παραλληλόγραμμον</em></span> <span class='ocrx_word' id='word_1_120' title='bbox 497 1663 535 1726; x_wconf 86' lang='grc' dir='ltr'><em>τὸ</em></span> <span class='ocrx_word' id='word_1_121' title='bbox 563 1668 595 1726; x_wconf 89' lang='grc' dir='ltr'><em>Α</em></span> <span class='ocrx_word' id='word_1_122' title='bbox 602 1666 642 1745; x_wconf 82' lang='grc' dir='ltr'><em>Γ,</em></span> <span class='ocrx_word' id='word_1_123' title='bbox 676 1661 809 1727; x_wconf 85' lang='grc' dir='ltr'><em>δέδοται</em></span> <span class='ocrx_word' id='word_1_124' title='bbox 841 1661 897 1728; x_wconf 78' lang='grc' dir='ltr'><em>καὶ</em></span> <span class='ocrx_word' id='word_1_125' title='bbox 924 1663 944 1747; x_wconf 81' lang='grc' dir='ltr'><em>ἡ</em></span> <span class='ocrx_word' id='word_1_126' title='bbox 974 1664 1086 1729; x_wconf 76' lang='grc' dir='ltr'><em>εὐθεῖα</em></span> <span class='ocrx_word' id='word_1_127' title='bbox 1124 1656 1140 1738; x_wconf 75' lang='grc' dir='ltr'><em>ἦ</em></span> 
     </span>
    </p>

    <p class='ocr_par' dir='ltr' id='par_1_6' title="bbox 74 1755 1135 2066">
     <span class='ocr_line' id='line_1_16' title="bbox 74 1755 1135 1852; baseline 0.003 -21"><span class='ocrx_word' id='word_1_128' title='bbox 74 1784 107 1831; x_wconf 82' lang='grc'><em>15</em></span> <span class='ocrx_word' id='word_1_129' title='bbox 126 1778 268 1834; x_wconf 84' lang='grc' dir='ltr'><em>ποιοῦσα</em></span> <span class='ocrx_word' id='word_1_130' title='bbox 287 1770 377 1834; x_wconf 80' lang='grc' dir='ltr'><em>αὐτό.</em></span> <span class='ocrx_word' id='word_1_131' title='bbox 410 1766 464 1833; x_wconf 79' lang='grc' dir='ltr'><em>καὶ</em></span> <span class='ocrx_word' id='word_1_132' title='bbox 484 1769 604 1844; x_wconf 74' lang='grc' dir='ltr'><em>ἄλλως·</em></span> <span class='ocrx_word' id='word_1_133' title='bbox 629 1767 698 1833; x_wconf 81' lang='grc' dir='ltr'><em>ἐπεὶ</em></span> <span class='ocrx_word' id='word_1_134' title='bbox 713 1774 782 1833; x_wconf 78' lang='grc' dir='ltr'><em>δσαι</em></span> <span class='ocrx_word' id='word_1_135' title='bbox 800 1767 886 1833; x_wconf 78' lang='grc' dir='ltr'><em>εἰσὶν</em></span> <span class='ocrx_word' id='word_1_136' title='bbox 905 1772 943 1834; x_wconf 79' lang='grc' dir='ltr'><em>αό</em></span> <span class='ocrx_word' id='word_1_137' title='bbox 960 1755 980 1833; x_wconf 90' lang='grc' dir='ltr'><em>δ</em></span> <span class='ocrx_word' id='word_1_138' title='bbox 1002 1760 1135 1852; x_wconf 74' lang='grc' dir='ltr'><em>πλευραὶ</em></span> 
     </span>
     <span class='ocr_line' id='line_1_17' title="bbox 126 1868 1130 1961; baseline -0.002 -21"><span class='ocrx_word' id='word_1_139' title='bbox 126 1885 186 1940; x_wconf 82' lang='grc' dir='ltr'><em>τοῦ</em></span> <span class='ocrx_word' id='word_1_140' title='bbox 209 1876 434 1961; x_wconf 74' lang='grc' dir='ltr'><em>τέτραγώνον,</em></span> <span class='ocrx_word' id='word_1_141' title='bbox 462 1875 580 1957; x_wconf 73' lang='grc' dir='ltr'><em>δῆλον,</em></span> <span class='ocrx_word' id='word_1_142' title='bbox 608 1874 658 1940; x_wconf 77' lang='grc' dir='ltr'><em>ὅτι</em></span> <span class='ocrx_word' id='word_1_143' title='bbox 688 1871 820 1940; x_wconf 84' lang='grc' dir='ltr'><em>δέδοται</em></span> <span class='ocrx_word' id='word_1_144' title='bbox 847 1874 868 1958; x_wconf 79' lang='grc' dir='ltr'><em>ἡ</em></span> <span class='ocrx_word' id='word_1_145' title='bbox 891 1884 1033 1941; x_wconf 82' lang='grc' dir='ltr'><em>ποιοῦσα</em></span> <span class='ocrx_word' id='word_1_146' title='bbox 1059 1868 1130 1939; x_wconf 79' lang='grc' dir='ltr'><em>αὐτὸ</em></span> 
     </span>
     <span class='ocr_line' id='line_1_18' title="bbox 127 1977 1126 2066; baseline -0.006 -19"><span class='ocrx_word' id='word_1_147' title='bbox 127 1982 255 2047; x_wconf 78' lang='grc' dir='ltr'><em>εὐθεῖα·</em></span> <span class='ocrx_word' id='word_1_148' title='bbox 281 1988 349 2046; x_wconf 79' lang='grc' dir='ltr'><em>ἴσαι</em></span> <span class='ocrx_word' id='word_1_149' title='bbox 364 1982 426 2066; x_wconf 81' lang='grc' dir='ltr'><em>γὰρ</em></span> <span class='ocrx_word' id='word_1_150' title='bbox 442 1978 539 2044; x_wconf 78' lang='grc' dir='ltr'><em>αὐταὶ</em></span> <span class='ocrx_word' id='word_1_151' title='bbox 555 1979 796 2065; x_wconf 79' lang='grc' dir='ltr'><em>ἐπορίσθησαν·</em></span> <span class='ocrx_word' id='word_1_152' title='bbox 821 1982 904 2046; x_wconf 81' lang='grc' dir='ltr'><em>ὥστε</em></span> <span class='ocrx_word' id='word_1_153' title='bbox 923 1980 1054 2047; x_wconf 84' lang='grc' dir='ltr'><em>δέδοται</em></span> <span class='ocrx_word' id='word_1_154' title='bbox 1066 1977 1126 2063; x_wconf 60' lang='lat' dir='ltr'><em>ff.</em></span> 
     </span>
    </p>

    <p class='ocr_par' dir='ltr' id='par_1_7' title="bbox 195 2102 952 2187">
     <span class='ocr_line' id='line_1_19' title="bbox 195 2102 952 2187; baseline -0.001 -16"><span class='ocrx_word' id='word_1_155' title='bbox 195 2107 246 2171; x_wconf 90' lang='grc'><em>80.</em></span> <span class='ocrx_word' id='word_1_156' title='bbox 279 2102 347 2168; x_wconf 81' lang='grc' dir='ltr'><em>Καὶ</em></span> <span class='ocrx_word' id='word_1_157' title='bbox 369 2106 406 2169; x_wconf 84' lang='grc' dir='ltr'><em>τὸ</em></span> <span class='ocrx_word' id='word_1_158' title='bbox 430 2103 668 2187; x_wconf 82' lang='grc' dir='ltr'><em>ἀντιστρόφιον</em></span> <span class='ocrx_word' id='word_1_159' title='bbox 691 2103 795 2168; x_wconf 84' lang='grc' dir='ltr'><em>αὐτοῦ</em></span> <span class='ocrx_word' id='word_1_160' title='bbox 819 2104 952 2187; x_wconf 77' lang='grc' dir='ltr'><em>ἀληθές.</em></span> 
     </span>
    </p>
   </div>
   <div class='ocr_carea' id='block_1_3' title="bbox 74 2313 1128 2640">
    <p class='ocr_par' dir='ltr' id='par_1_8' title="bbox 74 2313 1128 2640">
     <span class='ocr_line' id='line_1_20' title="bbox 492 2313 783 2399; baseline 0.007 -21"><span class='ocrx_word' id='word_1_161' title='bbox 492 2313 545 2378; x_wconf 77' lang='lat' dir='ltr'><em>Ad</em></span> <span class='ocrx_word' id='word_1_162' title='bbox 566 2337 657 2399; x_wconf 88' lang='lat' dir='ltr'>prop.</span> <span class='ocrx_word' id='word_1_163' title='bbox 680 2314 783 2380; x_wconf 85' lang='lat' dir='ltr'><strong>XXV.</strong></span> 
     </span>
     <span class='ocr_line' id='line_1_21' title="bbox 74 2435 1125 2526; baseline -0.004 -20"><span class='ocrx_word' id='word_1_164' title='bbox 74 2458 108 2506; x_wconf 79' lang='lat'><em>20</em></span> <span class='ocrx_word' id='word_1_165' title='bbox 196 2439 247 2504; x_wconf 85' lang='lat'><em>81.</em></span> <span class='ocrx_word' id='word_1_166' title='bbox 279 2435 390 2521; x_wconf 76' lang='grc' dir='ltr'><em>Λέγω,</em></span> <span class='ocrx_word' id='word_1_167' title='bbox 418 2438 468 2503; x_wconf 80' lang='grc' dir='ltr'><em>ὅτι</em></span> <span class='ocrx_word' id='word_1_168' title='bbox 495 2475 531 2484; x_wconf 97' lang='grc'>-</span> <span class='ocrx_word' id='word_1_169' title='bbox 559 2449 696 2522; x_wconf 82' lang='grc' dir='ltr'><em>σημεῖον</em></span> <span class='ocrx_word' id='word_1_170' title='bbox 722 2462 753 2522; x_wconf 89' lang='lat' dir='ltr'><em>p.</em></span> <span class='ocrx_word' id='word_1_171' title='bbox 772 2441 829 2525; x_wconf 86' lang='lat'><em>46,</em></span> <span class='ocrx_word' id='word_1_172' title='bbox 854 2441 1001 2526; x_wconf 82' lang='lat'>17—18]</span> <span class='ocrx_word' id='word_1_173' title='bbox 1029 2442 1125 2525; x_wconf 77' lang='grc' dir='ltr'><em>δῆλον,</em></span> 
     </span>
     <span class='ocr_line' id='line_1_22' title="bbox 129 2541 1128 2640; baseline -0.005 -30"><span class='ocrx_word' id='word_1_174' title='bbox 129 2546 179 2611; x_wconf 83' lang='grc' dir='ltr'><em>ὅτι</em></span> <span class='ocrx_word' id='word_1_175' title='bbox 202 2553 241 2629; x_wconf 73' lang='grc' dir='ltr'><em>τῇ</em></span> <span class='ocrx_word' id='word_1_176' title='bbox 265 2541 369 2608; x_wconf 82' lang='grc' dir='ltr'><em>θέσει·</em></span> <span class='ocrx_word' id='word_1_177' title='bbox 400 2546 505 2626; x_wconf 92' lang='grc' dir='ltr'><em>μόνον</em></span> <span class='ocrx_word' id='word_1_178' title='bbox 533 2545 596 2640; x_wconf 80' lang='grc' dir='ltr'><em>γὰρ</em></span> <span class='ocrx_word' id='word_1_179' title='bbox 620 2552 660 2629; x_wconf 77' lang='grc' dir='ltr'><em>τῇ</em></span> <span class='ocrx_word' id='word_1_180' title='bbox 683 2543 776 2609; x_wconf 87' lang='grc' dir='ltr'><em>θέσει</em></span> <span class='ocrx_word' id='word_1_181' title='bbox 800 2543 932 2611; x_wconf 84' lang='grc' dir='ltr'><em>δέδοται</em></span> <span class='ocrx_word' id='word_1_182' title='bbox 955 2548 996 2612; x_wconf 79' lang='grc' dir='ltr'><em>τὰ</em></span> <span class='ocrx_word' id='word_1_183' title='bbox 1019 2556 1128 2631; x_wconf 79' lang='grc' dir='ltr'><em>σημεῖα.</em></span> 
     </span>
    </p>
   </div>
   <div class='ocr_carea' id='block_1_4' title="bbox 202 2707 1128 2776">
    <p class='ocr_par' dir='ltr' id='par_1_9' title="bbox 202 2707 1128 2776">
     <span class='ocr_line' id='line_1_23' title="bbox 202 2707 1128 2776; baseline -0.001 -15"><span class='ocrx_word' id='word_1_184' title='bbox 202 2714 243 2763; x_wconf 79' lang='grc'><em>79.</em></span> <span class='ocrx_word' id='word_1_185' title='bbox 263 2707 613 2776; x_wconf 63' lang='lat' dir='ltr'><strong>PVat.vM0n.Ambr.zq.</strong></span> <span class='ocrx_word' id='word_1_186' title='bbox 676 2714 718 2763; x_wconf 87' lang='grc'><em>80.</em></span> <span class='ocrx_word' id='word_1_187' title='bbox 737 2710 883 2765; x_wconf 77' lang='lat' dir='ltr'><strong>Vat.M0n.</strong></span> <span class='ocrx_word' id='word_1_188' title='bbox 944 2717 987 2766; x_wconf 91' lang='lat'><em>81.</em></span> <span class='ocrx_word' id='word_1_189' title='bbox 1006 2713 1128 2776; x_wconf 51' lang='lat' dir='ltr'><em>Pusam.</em></span> 
     </span>
    </p>
   </div>
   <div class='ocr_carea' id='block_1_5' title="bbox 129 2855 1134 3088">
    <p class='ocr_par' dir='ltr' id='par_1_10' title="bbox 129 2855 1134 3075">
     <span class='ocr_line' id='line_1_24' title="bbox 201 2855 1131 2930; baseline 0.001 -20"><span class='ocrx_word' id='word_1_190' title='bbox 201 2865 224 2911; x_wconf 89' lang='lat'><em>1.</em></span> <span class='ocrx_word' id='word_1_191' title='bbox 250 2858 375 2928; x_wconf 78' lang='grc' dir='ltr'><em>σχήμασι</em></span> <span class='ocrx_word' id='word_1_192' title='bbox 357 2855 524 2926; x_wconf 83' lang='grc' dir='ltr'><em>αλέγονται</em></span> <span class='ocrx_word' id='word_1_193' title='bbox 542 2857 637 2912; x_wconf 88' lang='lat' dir='ltr'><strong>Ambr</strong></span> <span class='ocrx_word' id='word_1_194' title='bbox 724 2856 832 2928; x_wconf 79' lang='grc' dir='ltr'><em>λέγετον</em></span> <span class='ocrx_word' id='word_1_195' title='bbox 822 2861 916 2930; x_wconf 76' lang='lat' dir='ltr'><strong>]tom.</strong></span> <span class='ocrx_word' id='word_1_196' title='bbox 936 2861 1033 2917; x_wconf 83' lang='lat' dir='ltr'><strong>Ambr.</strong></span> <span class='ocrx_word' id='word_1_197' title='bbox 1112 2863 1131 2911; x_wconf 82' lang='lat'><em>3.</em></span> 
     </span>
     <span class='ocr_line' id='line_1_25' title="bbox 129 2927 1134 3002; baseline 0.003 -22"><span class='ocrx_word' id='word_1_198' title='bbox 129 2927 232 2994; x_wconf 84' lang='grc' dir='ltr'><em>ἀλλήλα</em></span> <span class='ocrx_word' id='word_1_199' title='bbox 214 2929 259 2998; x_wconf 85' lang='grc' dir='ltr'><em>ας]</em></span> <span class='ocrx_word' id='word_1_200' title='bbox 284 2929 358 2982; x_wconf 91' lang='lat' dir='ltr'><strong>Mon.</strong></span> <span class='ocrx_word' id='word_1_201' title='bbox 365 2928 504 2997; x_wconf 75' lang='grc' dir='ltr'><em>,ἄλληλα</em></span> <span class='ocrx_word' id='word_1_202' title='bbox 486 2949 556 2997; x_wconf 81' lang='grc' dir='ltr'><em>αρ,</em></span> <span class='ocrx_word' id='word_1_203' title='bbox 585 2929 719 2997; x_wconf 78' lang='grc' dir='ltr'><em>ἀλλήλους</em></span> <span class='ocrx_word' id='word_1_204' title='bbox 742 2932 806 2985; x_wconf 73' lang='lat' dir='ltr'>cett.</span> <span class='ocrx_word' id='word_1_205' title='bbox 903 2931 1006 2986; x_wconf 81' lang='grc' dir='ltr'><em>δεδο’</em></span> <span class='ocrx_word' id='word_1_206' title='bbox 972 2952 1053 3002; x_wconf 86' lang='grc' dir='ltr'><em>μενοι</em></span> <span class='ocrx_word' id='word_1_207' title='bbox 1075 2928 1134 2986; x_wconf 77' lang='grc' dir='ltr'><em>εἰσίν</em></span> 
     </span>
     <span class='ocr_line' id='line_1_26' title="bbox 129 2998 1124 3088; baseline 0.006 -37"><span class='ocrx_word' id='word_1_208' title='bbox 129 2998 254 3064; x_wconf 39' lang='grc' dir='ltr'><em>Αωοτηρ</em></span> <span class='ocrx_word' id='word_1_209' title='bbox 345 3004 369 3051; x_wconf 81' lang='lat'><em>4.</em></span> <span class='ocrx_word' id='word_1_210' title='bbox 395 3000 519 3088; x_wconf 82' lang='grc' dir='ltr'><strong><em>ΑΒΓΔ]</em></strong></span> <span class='ocrx_word' id='word_1_211' title='bbox 536 3000 701 3069; x_wconf 83' lang='grc' dir='ltr'><em>ΑΗΓΔΡ,</em></span> <span class='ocrx_word' id='word_1_212' title='bbox 730 3006 858 3069; x_wconf 78' lang='grc' dir='ltr'><em>ΑΒΓο.</em></span> <span class='ocrx_word' id='word_1_213' title='bbox 948 3013 1038 3075; x_wconf 71' lang='grc' dir='ltr'><em>τῇ-</em></span> <span class='ocrx_word' id='word_1_214' title='bbox 1056 3009 1124 3072; x_wconf 77' lang='grc' dir='ltr'><em>5.ιῇ</em></span> 
     </span>
    </p>
   </div>
   <div class='ocr_carea' id='block_1_6' title="bbox 128 3067 1123 3145">
    <p class='ocr_par' dir='ltr' id='par_1_11' title="bbox 128 3067 1123 3145">
     <span class='ocr_line' id='line_1_27' title="bbox 128 3067 1123 3145; baseline 0.006 -23"><span class='ocrx_word' id='word_1_215' title='bbox 128 3068 233 3136; x_wconf 75' lang='grc' dir='ltr'><em>ιήν-</em></span> <span class='ocrx_word' id='word_1_216' title='bbox 252 3067 303 3135; x_wconf 86' lang='grc' dir='ltr'><em>ην</em></span> <span class='ocrx_word' id='word_1_217' title='bbox 322 3068 367 3123; x_wconf 91' lang='lat' dir='ltr'><em>Pl</em></span> <span class='ocrx_word' id='word_1_218' title='bbox 441 3068 549 3142; x_wconf 82' lang='grc' dir='ltr'><em>4μεν]</em></span> <span class='ocrx_word' id='word_1_219' title='bbox 568 3070 669 3125; x_wconf 85' lang='lat' dir='ltr'>delm</span> <span class='ocrx_word' id='word_1_220' title='bbox 690 3072 799 3126; x_wconf 89' lang='lat' dir='ltr'>lMon.</span> <span class='ocrx_word' id='word_1_221' title='bbox 876 3077 955 3145; x_wconf 79' lang='grc' dir='ltr'><em>δτγ</em></span> <span class='ocrx_word' id='word_1_222' title='bbox 975 3072 1060 3128; x_wconf 85' lang='grc' dir='ltr'><em>δε</em></span> <span class='ocrx_word' id='word_1_223' title='bbox 1080 3075 1123 3128; x_wconf 87' lang='grc' dir='ltr'><em>ΒΓ</em></span> 
     </span>
    </p>
   </div>
   <div class='ocr_carea' id='block_1_7' title="bbox 128 3157 1137 3374">
    <p class='ocr_par' dir='ltr' id='par_1_12' title="bbox 128 3157 1137 3373">
     <span class='ocr_line' id='line_1_28' title="bbox 129 3157 1134 3246; baseline 0.003 -36"><span class='ocrx_word' id='word_1_224' title='bbox 129 3173 182 3210; x_wconf 89' lang='lat' dir='ltr'><em>om.</em></span> <span class='ocrx_word' id='word_1_225' title='bbox 202 3157 276 3211; x_wconf 89' lang='lat' dir='ltr'><em>Mon</em></span> <span class='ocrx_word' id='word_1_226' title='bbox 360 3162 383 3210; x_wconf 84' lang='lat'><em>6.</em></span> <span class='ocrx_word' id='word_1_227' title='bbox 404 3157 556 3231; x_wconf 84' lang='grc' dir='ltr'><em>ὀρθήν]</em></span> <span class='ocrx_word' id='word_1_228' title='bbox 527 3178 578 3228; x_wconf 81' lang='grc' dir='ltr'><em>την</em></span> <span class='ocrx_word' id='word_1_229' title='bbox 599 3159 691 3246; x_wconf 82' lang='grc' dir='ltr'><em>ὀρθὴν</em></span> <span class='ocrx_word' id='word_1_230' title='bbox 711 3157 798 3228; x_wconf 79' lang='grc' dir='ltr'><em>γωνία</em></span> <span class='ocrx_word' id='word_1_231' title='bbox 800 3160 854 3230; x_wconf 86' lang='grc' dir='ltr'><em>ν],</em></span> <span class='ocrx_word' id='word_1_232' title='bbox 875 3161 946 3230; x_wconf 79' lang='grc' dir='ltr'><strong><em>πρὸς</em></strong></span> <span class='ocrx_word' id='word_1_233' title='bbox 968 3158 1046 3231; x_wconf 61' lang='lat' dir='ltr'><em>Lo.</em></span> <span class='ocrx_word' id='word_1_234' title='bbox 1114 3165 1134 3213; x_wconf 88' lang='grc'><em>8.</em></span> 
     </span>
     <span class='ocr_line' id='line_1_29' title="bbox 128 3224 1137 3300; baseline 0.004 -20"><span class='ocrx_word' id='word_1_235' title='bbox 128 3226 159 3281; x_wconf 83' lang='grc' dir='ltr'><em>λό</em></span> <span class='ocrx_word' id='word_1_236' title='bbox 161 3228 217 3298; x_wconf 88' lang='grc' dir='ltr'><em>γιο]</em></span> <span class='ocrx_word' id='word_1_237' title='bbox 237 3224 372 3294; x_wconf 80' lang='grc' dir='ltr'><em>λοιποίρ.</em></span> <span class='ocrx_word' id='word_1_238' title='bbox 434 3235 475 3282; x_wconf 92' lang='grc'><em>10.</em></span> <span class='ocrx_word' id='word_1_239' title='bbox 495 3249 544 3283; x_wconf 85' lang='grc' dir='ltr'><em>τον</em></span> <span class='ocrx_word' id='word_1_240' title='bbox 531 3237 577 3283; x_wconf 84' lang='grc' dir='ltr'><em>το</em></span> <span class='ocrx_word' id='word_1_241' title='bbox 597 3227 629 3283; x_wconf 86' lang='grc' dir='ltr'><em>δέ</em></span> <span class='ocrx_word' id='word_1_242' title='bbox 647 3230 738 3284; x_wconf 76' lang='lat' dir='ltr'>Pvat.</span> <span class='ocrx_word' id='word_1_243' title='bbox 746 3231 821 3285; x_wconf 89' lang='lat' dir='ltr'><em>Mon</em></span> <span class='ocrx_word' id='word_1_244' title='bbox 826 3232 953 3300; x_wconf 61' lang='lat' dir='ltr'><strong>Ambnp.</strong></span> <span class='ocrx_word' id='word_1_245' title='bbox 1011 3240 1054 3288; x_wconf 91' lang='grc'><em>12.</em></span> <span class='ocrx_word' id='word_1_246' title='bbox 1072 3234 1137 3286; x_wconf 78' lang='lat' dir='ltr'><strong>Ante</strong></span> 
     </span>
     <span class='ocr_line' id='line_1_30' title="bbox 129 3253 1137 3374; baseline 0.008 -23"><span class='ocrx_word' id='word_1_247' title='bbox 129 3297 154 3351; x_wconf 85' lang='grc' dir='ltr'><em>εἰ</em></span> <span class='ocrx_word' id='word_1_248' title='bbox 173 3299 236 3353; x_wconf 77' lang='lat' dir='ltr'>add.</span> <span class='ocrx_word' id='word_1_249' title='bbox 252 3297 370 3369; x_wconf 88' lang='grc' dir='ltr'><em>σόλον</em></span> <span class='ocrx_word' id='word_1_250' title='bbox 389 3299 454 3352; x_wconf 76' lang='lat' dir='ltr'><em>Vat</em></span> <span class='ocrx_word' id='word_1_251' title='bbox 460 3299 535 3354; x_wconf 87' lang='lat' dir='ltr'><em>Mon</em></span> <span class='ocrx_word' id='word_1_252' title='bbox 542 3300 636 3354; x_wconf 87' lang='lat' dir='ltr'>Ambr.</span> <span class='ocrx_word' id='word_1_253' title='bbox 706 3300 746 3373; x_wconf 83' lang='grc' dir='ltr'><em>εἰ]</em></span> <span class='ocrx_word' id='word_1_254' title='bbox 766 3300 827 3356; x_wconf 79' lang='grc' dir='ltr'><em>ἐπεί</em></span> <span class='ocrx_word' id='word_1_255' title='bbox 844 3253 944 3358; x_wconf 66' lang='lat' dir='ltr'><em>Mon.p</em></span> <span class='ocrx_word' id='word_1_256' title='bbox 996 3310 1038 3359; x_wconf 83' lang='lat'><em>13</em></span> <span class='ocrx_word' id='word_1_257' title='bbox 1058 3302 1137 3374; x_wconf 70' lang='grc' dir='ltr'><em>αῷόι]</em></span> 
     </span>
    </p>
   </div>
   <div class='ocr_carea' id='block_1_8' title="bbox 119 3368 1138 3544">
    <p class='ocr_par' dir='ltr' id='par_1_13' title="bbox 119 3368 1138 3544">
     <span class='ocr_line' id='line_1_31' title="bbox 128 3368 1138 3445; baseline 0.006 -23.124"><span class='ocrx_word' id='word_1_258' title='bbox 128 3368 240 3437; x_wconf 71' lang='grc' dir='ltr'><em>αὐτόν</em></span> <span class='ocrx_word' id='word_1_259' title='bbox 300 3374 341 3422; x_wconf 79' lang='grc'><em>17</em></span> <span class='ocrx_word' id='word_1_260' title='bbox 361 3368 391 3439; x_wconf 74' lang='grc' dir='ltr'><em>ἡ]</em></span> <span class='ocrx_word' id='word_1_261' title='bbox 410 3389 447 3422; x_wconf 83' lang='grc' dir='ltr'><em>να</em></span> <span class='ocrx_word' id='word_1_262' title='bbox 429 3369 540 3440; x_wconf 77' lang='grc' dir='ltr'><em>αὶὴν,</em></span> <span class='ocrx_word' id='word_1_263' title='bbox 559 3392 595 3426; x_wconf 85' lang='grc' dir='ltr'><em>να</em></span> <span class='ocrx_word' id='word_1_264' title='bbox 577 3371 699 3439; x_wconf 81' lang='grc' dir='ltr'><em>αὶτόρ.</em></span> <span class='ocrx_word' id='word_1_265' title='bbox 760 3378 802 3427; x_wconf 90' lang='grc'><em>21.</em></span> <span class='ocrx_word' id='word_1_266' title='bbox 823 3373 923 3445; x_wconf 90' lang='grc' dir='ltr'><em>μόνον]</em></span> <span class='ocrx_word' id='word_1_267' title='bbox 943 3375 1138 3443; x_wconf 60' lang='grc' dir='ltr'><em>μόνωςΝοδ.</em></span> 
     </span>
     <span class='ocr_line' id='line_1_32' title="bbox 119 3453 530 3544; baseline 0 -14"><span class='ocrx_word' id='word_1_268' title='bbox 119 3453 258 3544; x_wconf 73' lang='grc' dir='ltr'><em>μόννςρ.</em></span> <span class='ocrx_word' id='word_1_269' title='bbox 334 3471 446 3531; x_wconf 76' lang='grc' dir='ltr'><em>δέδοται</em></span> <span class='ocrx_word' id='word_1_270' title='bbox 463 3475 530 3532; x_wconf 68' lang='lat' dir='ltr'><em>vat.</em></span> 
     </span>
    </p>
   </div>
   <div class='ocr_carea' id='block_1_9' title="bbox 0 0 1182 3818">
    <p class='ocr_par' dir='ltr' id='par_1_14' title="bbox 0 0 1182 3818">
     <span class='ocr_line' id='line_1_33' title="bbox 0 0 1182 3818; baseline 0 1"><span class='ocrx_word' id='word_1_271' title='bbox 0 0 1182 3818; x_wconf 95' lang='lat' dir='ltr'><em> </em></span> 
     </span>
    </p>
   </div>
  </div>
 </body>
</html>
