2356 3818
442 108 719 162 PROLEGOMENA.
1024 110 1085 166 LXI

72 254 144 321 (238,
157 251 200 319 11)
219 247 385 319 περιφέρεια
404 249 503 319 (γωνία
520 249 636 319 Hardy).
664 249 753 320 ipsius
768 251 945 307 coniecturae
959 252 1085 307 tribuen-

73 333 142 386 dum
159 349 186 401 p.
197 335 258 399 454,
269 335 301 383 11
321 333 393 400 (236,
404 331 449 400 20)
468 330 694 400 καταδηλώμεθα
712 334 949 403 (000000000000
967 333 1082 404 Hardy).

71 431 99 482 p,
120 416 181 479 455,
201 415 234 463 28
254 412 325 479 (242,
346 411 373 478 5)
396 407 502 462 codrus
520 427 570 480 pro
590 409 662 464 0100
686 410 772 466 scribi
789 412 912 481 mauult,
940 432 967 482 p.
987 418 1048 483 457,
1068 419 1084 466 2

70 494 143 561 (248,
163 491 190 560 3)
211 487 388 559 Ἀρχιμήδους
406 487 420 542 ὁ
440 491 566 557 Σερῆνος
590 506 640 560 pro
661 488 824 560 Ἀρχιμήδης
846 501 904 546 τοῦ
928 493 1084 561 Σερήνον

70 570 166 638 iubet,
194 569 282 623 uerba
304 587 331 639 p.
351 573 412 637 455,
432 573 467 621 36
490 571 562 638 (242,
583 572 626 639 13)
650 570 699 624 001
725 572 890 640 τρίγωνον
919 571 1083 643 ἰσόπλενρον

70 649 267 718 συστήσασθαι
285 647 406 703 delenda
425 649 528 702 censet.
557 664 591 703 ex
605 649 728 705 editione
746 650 873 721 principe
891 654 927 722 (0.
944 670 971 722 p.
985 652 1083 723 LVIII)

69 729 223 786 nonnullas
242 729 394 799 scripturas
413 727 443 781 10
461 727 518 782 imo
535 746 590 798 mg.
606 729 706 800 adfert,
724 748 751 800 p.
762 736 823 800 456,
834 736 868 784 25
887 734 996 802 (2401)
1016 732 1084 788 ὥστε

71 819 132 866 πᾶν
152 808 167 865 ὃ
185 809 325 880 γνώριμον
345 809 395 862 οὐκ
416 807 471 861 ἔστι
490 808 538 862 καὶ
556 808 676 880 πόριμον
691 810 808 884 ¹recepit.

85 939 88 944 .
144 889 200 944 Sed
214 905 248 942 ea
266 888 329 942 laus
344 887 478 957 Gregorio
493 888 667 943 detrahenda
681 907 737 943 non
752 892 803 961 est,
823 891 898 960 quod
913 906 947 944 ex
960 890 1084 946 editione

72 971 134 1026 eins
147 970 285 1024 Datorum
305 967 400 1023 studia
413 968 443 1022 in
456 967 605 1023 BrItannia
619 969 722 1024 laetius
736 970 909 1025 efflorescere
924 974 1082 1042 coeperunt.

73 1068 110 1106 ex
127 1047 408 1120 interpretationibus
427 1047 566 1118 Anglicis,
591 1049 626 1103 de
645 1048 747 1117 quibus
767 1069 793 1106 0.
812 1049 957 1120 Iticoardi,
978 1050 1083 1122 Saggio

74 1130 106 1185 di
124 1147 181 1184 una
197 1129 378 1200 bibliografia
396 1127 540 1196 Eucliden,
559 1128 687 1199 Bologna
706 1133 788 1198 1887,
807 1145 993 1185 commemoro
1012 1130 1084 1186 Sim·

73 1227 133 1279 son,
152 1211 212 1265 The
225 1210 369 1265 Elementa
384 1209 415 1263 of
426 1207 528 1263 Euclid
542 1251 617 1262 .....
636 1208 685 1262 the
702 1225 800 1278 errors,
819 1210 858 1278 by
872 1210 964 1265 which
978 1210 1083 1279 Theon,

72 1309 104 1346 or
122 1290 231 1359 others,
254 1290 327 1344 have
345 1289 414 1360 long
432 1306 486 1358 ago
505 1286 627 1342 vitiated
645 1288 724 1342 these
743 1288 845 1358 books,
865 1306 912 1344 are
932 1291 1082 1346 corrected.

70 1371 141 1425 Also
168 1370 217 1424 the
240 1369 315 1424 book
338 1368 370 1423 of
389 1368 513 1423 Euclid's
536 1369 624 1438 Data,
653 1368 683 1423 in
705 1369 763 1424 like
791 1386 908 1425 manner
931 1372 1082 1427 corrected.

69 1450 360 1521 Edinburgh18231).
388 1448 500 1503 Simson
518 1449 654 1503 Datorum
671 1449 776 1504 librum
795 1467 858 1504 cum
877 1454 1015 1506 statueret
1032 1469 1082 1522 per

70 1532 116 1585 tot
135 1529 249 1584 saecula
266 1528 364 1583 multis
383 1528 523 1583 editorum
540 1529 649 1583 mendis
668 1528 846 1598 inquinatum
861 1548 922 1585 0000
940 1531 994 1586 hoc
1008 1532 1083 1586 effici

72 1609 178 1678 uoluit,
202 1613 235 1662 ut
254 1609 289 1662 05
309 1625 343 1662 00
362 1606 534 1677 subtilitate,
557 1625 614 1677 qua
633 1608 669 1662 ab
688 1609 805 1663 Euclide
824 1609 883 1664 sine
904 1610 990 1664 dubio
1009 1612 1084 1664 esset

75 1689 254 1759 compositus,
273 1687 387 1758 propius
403 1687 516 1741 0500005
529 1687 756 1756 geometriaeque
773 1688 907 1743 studiosis
920 1689 1085 1743 redderetur

76 1768 181 1824 utilior.
218 1785 304 1837 quare
324 1767 450 1823 ordinem
468 1767 691 1837 propositionum
709 1767 841 1836 10050015,
860 1766 1016 1836 complures
1035 1769 1084 1822 ad·

76 1849 163 1918 didit,
186 1848 257 1903 alias
277 1848 385 1917 omisit,
410 1850 453 1901 ter
470 1847 553 1901 binas
572 1847 602 1901 in
620 1846 747 1917 singulas
766 1846 924 1915 coniunxit,
951 1864 1037 1900 unam
1054 1846 1085 1901 in

74 1929 145 1982 duas
164 1927 276 1994 diuisit,
300 1925 330 1980 in
349 1926 635 1981 demonstrationibus
654 1925 732 1980 niam
751 1943 784 1980 00
802 1926 941 1980 rationem
958 1925 1085 1981 Euclidis

74 2024 160 2078 saepe
178 2006 301 2075 reliquit.
339 2006 369 2059 in
388 2006 619 2061 adnotationibus
639 2023 739 2062 causas
763 2005 877 2061 illarum
895 2006 1085 2061 mutationum

73 2086 168 2140 adfert
183 2089 267 2155 atque
282 2102 388 2140 errores
404 2087 541 2154 quosdam
555 2087 654 2142 Hardii
670 2091 698 2143 et
711 2088 838 2159 Gregorii
853 2088 957 2143 diserte
972 2089 1084 2142 demon·

74 2166 155 2219 strat.
175 2165 296 2220 Simeoni
306 2166 567 2236 interpretationem
578 2166 741 2223 Germanice
752 2168 889 2238 expressit
898 2169 918 2222 Ι.
928 2167 956 2222 0.
965 2168 1083 2223 Schwab

75 2245 269 2316 (Stutgardiae
289 2250 375 2315 1780).

146 2325 187 2379 De
215 2325 350 2393 Peyrardi
383 2325 506 2380 editione
533 2327 741 2382 Elementorum
773 2329 801 2381 et
827 2327 979 2395 Datorum,
1011 2342 1084 2395 0000

75 2410 288 2460 01814-1818
303 2405 420 2460 Parisiis
434 2404 525 2461 tribus
539 2406 729 2462 uoluminibus
739 2406 844 2462 Graece
854 2406 955 2460 Latine
965 2406 1085 2460 Franco·

73 2484 179 2557 gallice
197 2484 311 2555 prodiit,
331 2503 357 2539 u.
376 2504 403 2554 p.
418 2486 444 2539 V
463 2488 492 2540 05
510 2487 565 2542 001,
580 2488 606 2541 V
623 2507 650 2557 p.
666 2487 759 2542 CXIII.
796 2487 945 2554 Datorum,
964 2502 1037 2554 qnae
1055 2486 1086 2540 10

73 2565 160 2620 tertio
183 2564 327 2620 uolumine
350 2564 482 2620 editionis
506 2567 614 2636 insunt,
642 2567 799 2636 Peyrardus
824 2565 951 2620 habebat
974 2565 1084 2619 oodIces

74 2647 316 2716 quattuordecim,
335 2650 447 2717 praeter
464 2647 529 2701 Vat.
551 2653 601 2700 190
621 2649 650 2700 05
667 2647 732 2700 Vat.
753 2651 821 2700 1038
841 2644 989 2699 duodecim
1007 2643 1085 2698 Pari-

73 2727 166 2796 sinos‚
192 2744 261 2795 quos
280 2726 310 2780 in
328 2727 415 2797 praef.
436 2727 491 2782 001.
507 2728 520 2780 Ι
538 2746 565 2796 p.
580 2726 696 2780 XXVIII
705 2743 745 2794 sq.
765 2726 918 2778 enumerat.
955 2719 987 2777 10
1003 2722 1085 2778 Datis

73 2823 186 2876 000000
206 2806 301 2860 codice
316 2806 380 2860 Vat.
397 2813 448 2860 190
462 2806 504 2860 ita
518 2823 585 2860 usus
600 2807 650 2875 est,
669 2804 779 2859 atinde
794 2803 890 2857 multis
904 2802 1085 2874 1001000001-

73 2902 144 2939 nam
162 2884 328 2955 scripturam
346 2884 513 2940 restitueret.
550 2903 602 2940 nec
620 2887 716 2940 tamen
734 2901 819 2940 ausus
838 2887 881 2938 est
900 2899 933 2938 ex
951 2883 1084 2939 editionis

73 2963 242 3020 Oxoniensis
256 2963 376 3018 uinculis
390 2964 470 3033 liber,
490 2968 522 3019 ut
537 2965 625 3033 aiunt,
645 2963 765 3019 euolars.
793 2979 848 3032 000
863 2963 1034 3033 factumest,
1053 2966 1086 3018 nt

73 3061 183 3115 magna
200 3061 266 3115 pars
286 3047 315 3098 et
333 3044 581 3114 interpolationum
605 3045 718 3099 illarum
739 3045 805 3101 Vat.
820 3063 856 3099 m.
872 3051 887 3098 2
911 3048 940 3100 et
962 3062 1086 3100 errorum

73 3123 205 3193 Gregorii
227 3124 273 3178 uel
297 3123 390 3194 potins
414 3125 515 3178 Hardii
537 3124 568 3178 10
591 3124 726 3194 Peyrardi
749 3123 902 3179 editionem
927 3124 1084 3196 inrepserit.

149 3302 175 3370 1)
193 3300 254 3355 Hac
272 3300 396 3355 editione
415 3301 545 3370 equidem
563 3320 630 3357 0000
650 3320 723 3370 sum,
742 3302 864 3372 primum
882 3302 957 3356 Data
973 3301 1084 3358 Simeon

73 3371 231 3426 Elementis
254 3371 399 3426 addidisse
423 3373 537 3427 uidetur
555 3373 584 3427 in
603 3372 727 3428 editione
751 3378 879 3442 0,1756;
907 3391 934 3428 n.
951 3371 1085 3429 Riccardi

72 3449 165 3514 12⁷1·
633 3478 636 3487 ·
1047 3460 1120 3535 ..rr
