2356 3818
491 134 655 187 scHOLIA.
1012 130 1078 196 273

56 284 130 338 τῶν
148 277 224 357 AF,
239 280 316 358 AE,
339 273 395 340 καὶ
418 275 436 341 ὁ
454 275 539 360 πρὸς
557 276 681 358 ἄλληλα
699 278 797 357 λόγος
816 277 927 341 αὐτῶν
946 276 1080 342 δέδοται

57 381 119 444 διὰ
142 381 179 445 τὸ
203 379 247 444 α’·
271 382 354 446 ὥστε
376 378 433 445 καὶ
455 389 515 445 τοῦ
534 382 606 445 AF
623 382 707 467 πρὸς
726 383 791 445 ΓΕ
797 401 805 417 ·
830 382 912 446 ἀλλὰ
934 391 994 446 τοῦ
1013 385 1085 448 AF

58 487 146 572 πρὸς
169 489 245 552 ΓΒ·
269 486 324 552 καὶ
347 496 408 552 τοῦ
432 490 500 551 ΒΓ
517 488 581 573 ἄρα
603 488 687 573 πρὸς
710 489 781 551 ΓΕ.

129 602 182 666 50.
214 603 310 667 Μετὰ
329 611 389 666 τοῦ
409 599 481 684 ἑξῆς
498 625 529 686 p.
545 603 597 685 20,
611 601 646 685 2]
665 600 815 667 τουτέστι
833 603 913 686 μετὰ
931 610 991 666 τοῦ
1006 606 1080 684 ΒΕ,

57 709 147 794 πρὸς
170 707 188 772 ὅ
211 709 249 772 τὸ
273 710 342 771 ΒΓ
359 709 461 788 λόγον
485 710 549 789 ἔχει
573 705 727 772 δοθέντα.
1138 731 1158 781 5

130 813 183 878 51.
216 815 310 900 Πρὸς
333 813 351 878 ὅ
374 815 411 878 τὸ
435 816 508 895 ΒΓ,
531 810 682 878 τουτέστι
705 813 790 901 πρὸς
812 815 849 878 τὸ
872 819 946 878 ΒΕ.

130 921 182 986 52.
220 922 269 986 Τὸ
292 921 355 1006 γὰρ
375 923 444 984 ΒΓ
460 920 544 1005 πρὸς
566 921 603 985 τὸ
623 924 690 983 ΒΕ
711 922 812 1002 λύγον
836 923 901 1003 ἔχει
921 917 1080 985 δοθέντα·

58 1028 99 1091 τὸ
124 1023 187 1092 οὖν
211 1031 277 1090 ΑΒ
301 1028 381 1110 μετὰ
403 1035 464 1091 τοῦ
486 1030 553 1091 ΒΕ
579 1025 684 1092 δοθέν
707 1025 812 1111 ἐστιν,
840 1027 920 1092 ὅλον
943 1028 981 1091 τὸ
1005 1031 1080 1091 ΑΕ.

448 1202 500 1267 Ad
523 1225 615 1289 prop.
637 1203 693 1268 XI.

132 1328 183 1393 53.
201 1326 295 1392 Ἔστι
314 1325 352 1392 δὲ
369 1324 425 1392 καὶ
444 1327 524 1392 ὅλου
543 1336 603 1391 τοῦ
623 1333 655 1391 Α
662 1331 694 1392 Γ
710 1352 741 1413 p.
757 1330 809 1414 20,
823 1329 881 1413 20]
901 1329 957 1392 διὰ
975 1328 1012 1392 τὸ
1032 1325 1080 1412 ιβ’
1100 1350 1135 1399 10

61 1442 124 1497 τοῦ
142 1431 180 1497 ε’·
209 1434 253 1509 ὡς
276 1434 312 1497 ἓν
335 1445 402 1498 τῶν
425 1431 621 1516 ἡγουμένων
643 1435 727 1519 πρὸς
749 1435 787 1498 ἓν
808 1445 876 1498 τῶν
899 1431 1079 1518 ἑπομένων,

60 1539 170 1616 οὕτως
192 1540 321 1603 ἅπαντα
344 1539 384 1604 τὰ
408 1539 576 1622 ἡγούμενα
602 1539 686 1624 πρὸς
708 1539 838 1603 ἅπαντα
865 1540 906 1603 τὰ
930 1537 1080 1623 ἑπόμενα.

63 1645 233 1730 ἡγούμενα
256 1645 319 1729 γύρ
343 1647 408 1709 εἰσι
431 1646 525 1709 τότε
549 1647 610 1707 ΓΛ
631 1641 687 1707 καὶ
710 1645 747 1708 τὸ
770 1649 852 1726 ΑΛ,
876 1640 1016 1727 ἑπόμενα
1044 1639 1081 1707 δέ

61 1754 101 1815 τό
120 1775 155 1816 τε
172 1756 239 1816 ΛΒ
262 1749 318 1815 καὶ
341 1751 378 1816 τὸ
397 1756 477 1814 ΔΕ.
519 1750 564 1824 ὡς
587 1757 671 1830 γοῦν
694 1749 731 1813 τὸ
755 1754 820 1812 ΑΛ
842 1749 927 1833 πρὸς
946 1749 984 1813 τὸ
1003 1753 1081 1831 ΛΕ,

21 1919 24 1923 .
61 1857 170 1933 οὕτως
194 1859 273 1922 ὅλον
300 1859 337 1920 τὸ
361 1859 434 1920 AF
454 1856 538 1940 πρὸς
565 1854 645 1919 ὅλον
673 1855 710 1918 τὸ
733 1858 807 1917 ΕΒ.
854 1853 935 1917 ὅλον
957 1855 1019 1940 γὰρ
1043 1855 1080 1918 τὸ
1100 1879 1134 1928 15

64 1966 136 2027 AF
154 1965 194 2028 τὰ
219 1964 281 2026 δύο
305 1959 391 2025 εἰσὶν
414 1961 582 2044 ἡγούμενα
600 1962 637 2025 τύ
656 1983 691 2024 τε
710 1965 775 2023 ΛΑ
798 1957 853 2024 καὶ
872 1960 909 2023 τὸ
929 1962 1000 2042 FA,
1026 1958 1081 2024 καὶ

63 2069 146 2133 ὅλον
165 2070 202 2132 τὸ
217 2071 280 2131 ΕΒ
304 2067 344 2129 τὰ
363 2067 425 2130 δύο
445 2063 530 2130 εἰσὶν
549 2062 691 2150 ἑπόμενα
708 2068 781 2131 τότε
795 2071 860 2131 ΕΔ
879 2064 934 2130 καὶ
952 2067 989 2131 τὸ
1004 2071 1080 2132 ΛΒ.

133 2182 185 2245 54.
214 2177 302 2244 Ἐπεὶ
333 2179 397 2266 γάρ
426 2180 516 2245 ἐστιν
543 2179 589 2256 ὡς
615 2179 633 2245 ὁ
657 2186 722 2244 ΑΛ
751 2165 834 2267 πρὸς
860 2187 942 2266 ΛΕ,
975 2183 1080 2260 οὕτως

64 2289 83 2353 ὁ
106 2289 165 2350 FA
187 2287 270 2371 πρὸς
288 2290 365 2369 ΛΒ,
389 2283 444 2350 καὶ
465 2284 603 2364 ἐναλλὰξ
622 2286 667 2363 ὡς
684 2293 752 2351 ΑΛ
773 2289 857 2376 πρὸς
875 2293 950 2372 ΛΓ,
975 2290 1080 2366 οὕτως

64 2399 133 2458 ΕΛ
155 2393 238 2478 πρὸς
260 2397 342 2476 ΛΒ,
361 2390 416 2457 καὶ
439 2390 600 2458 συνθέντι
623 2393 668 2469 ὡς
691 2396 761 2457 ΑΓ
778 2397 861 2481 πρὸς
881 2398 951 2478 ΓΛ,
974 2396 1080 2471 οὕτως
1098 2421 1134 2470 20

64 2503 128 2563 ΕΒ
152 2500 235 2583 πρὸς
256 2503 339 2582 ΔΒ,
366 2496 422 2564 καὶ
445 2497 583 2577 ἐναλλὰξ
607 2500 652 2575 ὡς
674 2502 745 2563 AF
763 2502 846 2584 πρὸς
869 2503 947 2581 ΕΒ,
975 2499 1081 2575 οὕτως

68 2608 128 2669 ΓΛ
151 2606 233 2691 πρὸς
251 2609 329 2688 ΛΒ,
353 2604 485 2670 δέδοται
509 2601 546 2670 δὲ
569 2606 587 2671 ὁ
611 2595 672 2668 τοῦ
692 2606 753 2667 ΓΛ
776 2605 859 2686 πρὸς
882 2604 949 2663 ΔΒ
973 2603 1080 2684 λόγος,

66 2709 198 2775 ὅέὸοται
221 2711 286 2794 ἄρα
308 2707 404 2775 καὶὸ
428 2719 488 2774 τοῦ
511 2712 582 2773 ΑΓ
605 2707 689 2788 πρὸς
711 2709 774 2768 ΕΒ
803 2707 909 2785 λόγος.
954 2708 1081 2787 μᾶλλον

64 2816 316 2900 συντομώτερόν
340 2814 429 2881 ἐστιν
453 2816 559 2889 οὕτως
582 2813 700 2876 εἰπεῖν·
724 2809 769 2884 ὡς
791 2810 828 2872 ἓν
851 2818 918 2872 τῶν
941 2809 1079 2894 ἡγουμέ-

66 2941 280 2949 -.-.-.———-—

137 3012 178 3061 50.
198 3006 336 3073 P1Vat.0.
410 3011 452 3059 51.
472 3004 594 3071 Nato.
669 2999 910 3069 52.P1Vat.v02.
985 3002 1078 3057 53.1’.

101 3083 144 3131 54,
163 3076 425 3143 P1Vat.vM0n.02.

137 3259 161 3308 2.
181 3247 298 3324 ὅάτε]
280 3274 298 3323 ἡ
316 3269 387 3306 τεο
458 3256 481 3305 5.
502 3252 572 3321 ΒΓ]
592 3254 640 3303 ΒΑ
660 3249 739 3304 codd
809 3255 832 3304 8.
853 3249 1066 3374 v6(utrumqueg

63 3324 99 3378 τά
118 3324 184 3378 Pla
261 3321 512 3414 ΑΕ]εΡΝ55.ρ
517 3324 540 3374 λ.
619 3326 660 3375 18
681 3319 751 3376 οὸτω
770 3320 899 3376 Plvat.2
988 3322 1022 3370 19

62 3413 119 3450 om.
139 3395 203 3449 Vat
209 3395 285 3449 Mon
377 3397 418 3446 19.
442 3393 490 3464 ὡς]
510 3408 563 3446 om
582 3391 647 3446 Vat.
738 3398 780 3447 23.
805 3391 862 3459 ἄρα
879 3390 929 3445 καὶ
947 3388 975 3460 ὅ]
993 3404 1048 3445 om

62 3467 118 3520 lac.
137 3464 245 3519 relicta.
319 3469 360 3518 24.
381 3461 583 3532 συντομὸτερόν
601 3463 675 3519 Mon.
749 3461 849 3533 οὕτως]
837 3460 899 3533 ]τὸ
917 3459 1024 3529 Mona.

120 3564 272 3613 55515555
287 3563 660 3618 55555555555555..55
897 3552 941 3601 &Q
1059 3510 1120 3591 d
