2356 3818
432 112 709 188 suonucouuuu.
1013 109 1075 167 um

64 255 103 310 ad
117 256 253 308 Detorum
270 249 375 307 librum
393 253 485 321 refert,
504 268 561 306 non
579 252 658 320 liber,
678 254 727 307 sed
746 270 779 306 eo
794 253 985 325 intellegendo
999 254 1072 322 sunt,

63 351 137 404 quee
157 333 186 387 in
204 332 355 404 hypothesi
374 333 443 387 dete
461 334 527 386 sunt
535 334 562 402 ¹).
594 350 685 402 neque
699 335 800 388 temen
818 335 988 405 negauerim,
1006 335 1072 388 Pro-

62 415 139 469 clum
168 412 227 467 eius
254 412 387 467 habuisse
413 411 558 481 notitiam,
585 412 750 483 praesertim
777 429 840 466 cum
867 413 995 468 notiones
1023 422 1072 467 τοῦ

61 492 218 564 δεδομένοι
243 495 271 548 et
294 501 343 547 τοῦ
362 491 500 546 δεδόσθαι
524 490 606 545 illum
628 509 684 546 non
706 490 852 563 ignorasse
870 494 991 548 doceant
1008 493 1071 561 loci,

18 575 19 578 ’
61 575 163 644 quoles
178 575 244 628 sunt
257 592 283 643 p.
295 577 355 641 205,
367 578 400 624 13
410 589 485 641 sqq.;
505 577 565 640 277,
577 577 591 625 7
602 590 671 640 sqq.,
691 588 808 640 cumque
817 572 921 626 Morini
935 590 1071 629 commen-

61 654 153 709 tarius
181 651 343 708 testimonio
372 652 422 720 sit,
451 654 545 706 aetate
574 652 633 706 eius
661 651 786 706 Euclidis
809 653 884 706 Dete
910 652 940 706 in
968 653 1071 707 scholis

60 736 186 790 tractate
205 750 274 788 esse.

134 812 311 883 Eutociumh
330 813 466 866 Daturum
487 812 592 868 librum
614 811 747 866 habuisse
769 813 891 867 efficitur
910 830 943 868 ex
960 813 1021 868 loco
1041 814 1071 867 in

60 893 259 948 Archimedem
281 892 520 962 u01.111p.214‚
541 898 574 946 10
585 910 644 961 sqq.
670 893 712 947 ed.
731 892 867 964 Heiberg:
896 895 943 947 ἵνα
967 891 998 948 δὲ
1022 895 1071 948 καὶ

60 983 145 1028 τοῦτο
159 973 322 1034 ἀκολούθως
337 981 369 1044 τῇ
384 974 552 1042 στοιχειώσει
566 982 620 1026 τῶν
630 969 798 1042 Δεδομένων
808 975 877 1043 δοιῇ
888 973 1070 1043 συνάγεσθαι,

62 1053 238 1122 λεχθήσεται.
275 1069 366 1121 neque
389 1052 506 1106 dubium
529 1055 584 1122 est,
613 1051 681 1122 quin
703 1051 791 1106 uerba
809 1070 836 1122 p.
852 1059 911 1121 136,
927 1058 995 1107 6-8
1019 1049 1070 1108 ἐὰν
1149 1051 1150 1055 ’

62 1133 95 1188 δὲ
120 1130 274 1204 δεδομένον
297 1129 480 1202 μέγεθος,είς
503 1131 656 1202 δεδομένον
679 1131 761 1202 λόγον
781 1135 927 1204 διαιρεθῇ,
956 1130 1070 1188 δέδοται

62 1208 195 1284 έκσλτερσν
214 1221 269 1267 τῶν
287 1214 435 1282 τμημάτων
455 1212 492 1266 ud
505 1214 642 1267 Dutorum
654 1229 731 1283 prop.
744 1217 759 1264 7
774 1212 919 1267 referende
934 1212 998 1282 sint,
1018 1230 1070 1268 nec

60 1293 153 1348 minus
177 1314 204 1365 p.
221 1299 280 1362 140,
296 1299 364 1347 5-6
389 1292 423 1346 τὰ
446 1291 499 1361 γὰρ
521 1293 592 1362 πρὸς
614 1294 645 1348 τὸ
669 1293 737 1347 αὐτὸ
761 1292 842 1362 λόγον
867 1292 965 1363 ἔχοντα
988 1297 1070 1349 δεδο-

59 1373 146 1443 μένον
175 1374 224 1428 καὶ
251 1374 321 1444 πρὸς
348 1373 452 1442 ἄλληλα
479 1374 562 1442 λόγον
591 1372 674 1444 ἔχειὸ)
703 1371 855 1443 δεδομένον
884 1374 921 1428 ad
946 1391 1023 1445 prop.
1043 1379 1068 1444 8,

59 1473 87 1523 p.
102 1460 164 1523 212,
177 1459 280 1508 17-18
300 1449 351 1508 ἐὰν
370 1453 401 1508 δὲ
416 1453 505 1509 δοθέν
523 1452 753 1524 παραδοθεῖσαν
767 1455 946 1525 παραβληθῇ,
965 1453 1069 1517 πλάτος

59 1540 141 1588 ποιεῖ
155 1531 245 1588 δοθέν
264 1533 300 1586 cd
313 1550 391 1602 prop.
408 1538 450 1601 57,
475 1553 501 1603 p.
517 1539 577 1602 220,
594 1538 697 1586 12-14
717 1531 766 1585 ἐὰν
781 1531 934 1602 δεδομένον
949 1531 1069 1602 μέγεθος

60 1612 132 1680 πρός
149 1631 176 1667 τι
194 1612 292 1683 μόριον
312 1608 412 1667 ἑαυτοῦ
432 1612 513 1681 λόγον
529 1611 585 1682 ἔχει
599 1610 761 1681 δεδομένον,
780 1603 828 1665 uoci
842 1612 911 1680 πρὸς
924 1613 955 1667 τὸ
969 1614 1067 1667 λοιπὸν

60 1691 145 1761 λόγον
164 1692 220 1759 ἕξει
237 1691 390 1763 δεδομένον
409 1694 447 1747 ed
460 1710 537 1763 prop.
553 1697 577 1746 5.
612 1692 759 1760 praeterea
773 1691 821 1745 cfr.
836 1712 862 1762 p.
874 1697 934 1759 194,
950 1699 983 1745 17
992 1711 1067 1762 sqq.;

60 1778 122 1841 220,
139 1776 171 1827 15
181 1791 239 1843 sqq.
255 1773 292 1828 ul.

131 1853 199 1907 Post
212 1852 360 1908 Eutooium
379 1851 433 1906 etsi
450 1869 500 1922 per
518 1853 610 1906 totum
627 1849 751 1905 medium
765 1866 867 1904 aeuum
880 1869 971 1920 peuce
987 1853 1067 1908 testi-

57 1932 155 1987 monie
173 1932 357 2004 reperiuntur,
376 1931 478 2000 quibus
498 1931 622 1986 studium
638 1931 775 1984 Dutorum
793 1932 950 1986 confirmari
967 1934 1066 2004 possit,

57 2014 155 2067 tamen
179 2015 208 2068 et
226 2012 336 2067 codices
355 2011 399 2065 illi
417 2010 446 2065 in
465 2011 572 2066 oriente
591 2010 688 2081 scripti
709 2012 738 2065 et
757 2010 864 2065 scholia
882 2011 1000 2082 entique
1018 2015 1065 2071 de-

56 2095 226 2162 monstrent,
239 2091 366 2147 Euclidis
380 2091 485 2146 librum
498 2089 556 2145 illis
570 2090 743 2162 temporibus
756 2107 814 2144 non
827 2107 888 2146 esse
897 2093 1065 2163 neglectum.

55 2171 199 2242 proximus
219 2172 256 2226 ab
275 2171 393 2226 Eutocio
412 2170 493 2225 testis
513 2169 728 2241 Olympiodorus
752 2172 807 2239 est,
837 2173 912 2242 opud
935 2190 1018 2241 quem
1037 2175 1066 2228 in

56 2251 258 2306 commentario
273 2251 303 2305 in
316 2251 476 2306 Aristotelis
490 2251 669 2322 meteorolog
683 2251 710 2304 H
727 2271 753 2321 p.
766 2256 817 2305 150
835 2252 878 2306 ed.
891 2251 982 2308 Ideler
995 2254 1064 2310 hoec

54 2331 202 2403 leguntur
230 2330 373 2386 δέδεικται
396 2328 426 2386 ἐν
449 2338 507 2394 τοις
529 2330 712 2402 Δεδομένοις,
736 2330 790 2400 ὅτι,
815 2326 866 2385 ἐὰν
890 2332 941 2386 δοο
964 2341 1065 2403 σημεῖα

53 2414 133 2483 δοθῇ
151 2421 185 2484 τῇ
203 2411 292 2479 θέσει,
311 2410 452 2466 τουτέστιν
471 2410 640 2484 ὁμολογηθῇ,
660 2410 743 2478 ιιαλη
734 2407 978 2479 έπιζεοηνιλοοσα
993 2412 1065 2468 αὐτὰ

53 2493 158 2547 εὐθεια
182 2489 309 2561 δέδοται,
333 2491 380 2545 uoti
403 2489 512 2560 λέγεται
535 2491 674 2546 δεδόσθαι
691 2490 772 2544 θέσει
794 2491 841 2544 καὶ
861 2490 979 2561 μήνειῆ)
1015 2495 1064 2548 καλ

52 2571 141 2626 παλιν
161 2569 213 2628 ἐὰν
232 2572 301 2626 ἄλλα
320 2578 421 2641 σημεῖα
439 2573 514 2641 δοθῇ
534 2569 614 2625 uoti
601 2566 854 2639 ηέπιζεογνύοοσα
869 2569 940 2623 αὐτὰ
955 2572 1063 2639 εὐθεῖα,

52 2652 104 2706 καλ
129 2652 144 2706 ὁ
168 2651 249 2721 λόγος
271 2660 326 2706 τῶν
350 2652 470 2706 εὐθειῶν
493 2591 620 2719 δέδοταιη,
643 2657 725 2705 ποῖον
745 2650 827 2719 λόγον
851 2649 907 2720 ἔχει
925 2648 975 2718 ἥδε
994 2652 1064 2722 πρὸς

51 2731 154 2800 τήνδε;
178 2731 257 2786 uliud
275 2730 468 2786 testimonium
487 2732 529 2785 est
548 2694 716 2785 schoiium
707 2748 737 2783 ιιι
755 2728 906 2800 Antholog.
925 2730 952 2783 Ιλ
969 2751 995 2801 p.
1011 2738 1063 2786 499

51 2811 183 2867 Dubner:
211 2811 245 2866 τὰ
269 2811 300 2866 δέ
323 2819 439 2866 τοιαῦτα
462 2810 644 2884 προβλήματα
667 2815 750 2864 καλεῖ
769 2804 875 2872 ἕντοῖς
894 2809 1063 2882 Δεδομένοις

127 2957 153 3024 1)
171 2953 204 3006 Id
222 2953 332 3007 monuit
351 2952 437 3008 etium
455 2952 633 3006 Buchbinder
651 2952 765 3007 Euclide
784 2952 927 3008 Porismen
946 2973 971 3010 u.
988 2956 1062 3010 Dete

49 3044 78 3095 P
99 3030 200 3177 252)U
211 3094 334 3166 Heiberg
351 3094 452 3149 Philol.
468 3094 585 3149 Studien
599 3113 633 3148 zu
647 3094 749 3165 griech.
760 3096 857 3165 Motu,
876 3096 955 3152 Neue
964 3098 1060 3152 Jahrb

49 3166 71 3220 f
90 3166 270 3320 Ρξῗοόιιὲδρ
270 3114 411 3291 ΕΙιιῒιξοΙιιιι
422 3171 479 3291 ξοδδ
489 3184 554 3291 sliico
574 3253 637 3290 cum
655 3236 806 3292 Theoniuis
829 3236 886 3308 ἔχει
904 3239 991 3294 hebet
1008 3254 1060 3309 pro

50 3307 116 3377 ἕξει,
136 3309 202 3364 rnde
221 3325 277 3363 non
296 3307 465 3377 collegerim,
485 3307 606 3362 Theonis
626 3325 690 3362 eum
708 3308 841 3362 habuisse
856 3310 1060 3377 recensionem,

51 3380 166 3435 uidetur
184 3379 259 3434 enim
276 3378 401 3434 Euclidis
420 3378 624 3449 propositiones
643 3396 677 3433 ex
695 3378 830 3434 memorie
848 3379 1006 3450 protulisse.

123 3454 151 3520 4)
123 3451 202 3505 rc.
222 3467 300 3521 prop.
315 3456 357 3504 ιο.
1039 3418 1116 3544 Δ
