2356 3818
126 121 168 183 74
526 124 730 174 AEAOMENA.

123 265 188 329 ὑπὸ
216 274 282 329 τῶν
306 267 406 328 ΒΑΓ
427 274 467 350 τῇ
495 264 559 329 ὑπὸ
583 276 650 329 τῶν
672 269 788 348 ΔΖΒ,
819 262 894 351 ιιερδ
923 260 962 329 δδ
989 264 1048 341 τὰς
1073 263 1132 329 δτδ

124 382 191 435 τῶν
210 373 315 453 ΒΑΓ,
328 374 432 434 ΔΖΕ
449 373 571 452 γωνίας
589 371 647 448 τάς
665 372 810 457 πλευράς
826 370 1005 455 ἀνάλογον,
1023 371 1133 456 ὅμοιον

125 478 188 562 άρα
212 474 281 540 ἐστὶ
304 477 341 540 τὸ
365 480 470 541 ΑΒΓ
491 480 655 563 τρίγωνον
682 488 727 565 τῷ
751 481 854 542 ΔΕΖ
876 479 1042 565 τριγώνῳ.
1087 473 1133 542 δέ

125 584 218 646 δοται
241 579 279 646 δὲ
301 584 337 647 τὸ
356 587 460 647 ΔΖΕ
482 592 527 670 τῷ
551 584 645 648 εῖδει·
669 582 801 649 δέδοται
824 585 889 669 άρα
906 582 1020 649 καὶτὸ
1041 584 1137 648 ΑΒΓ

90 701 105 749 5
124 692 288 774 τρίγωνον
310 698 356 776 τῷ
381 690 470 753 εῖδει.

598 847 666 932 ιδ·

188 971 264 1037 Ἐάν
282 974 447 1057 τριγώνου
467 974 504 1037 αλ
517 970 657 1058 πλευραὶ
671 974 753 1058 πρὸς
768 972 911 1055 ἀλλήλας
924 975 1027 1055 λόγον
1042 976 1132 1057 ἔχωσι

125 1075 318 1161 δεδομένον,
342 1076 474 1142 δέδοται
497 1079 534 1142 τὸ
557 1081 721 1164 τρίγωνον
745 1087 790 1166 τῷ
814 1079 904 1143 εῖδει.

190 1184 355 1268 τριγώνου
379 1184 442 1269 γάρ
465 1193 525 1248 τοῦ
545 1187 650 1248 ΑΒΓ
667 1186 705 1249 αλ
725 1182 864 1270 πλευραὶ
887 1185 971 1270 ιιρὸς
995 1183 1130 1267 ἀλλήλας

74 1302 107 1350 10
126 1292 226 1370 λόγον
253 1287 416 1371 ἐχέτωσαν
443 1289 636 1375 δεδομένον·
669 1289 768 1373 λέγω,
797 1290 848 1355 ότι
876 1291 913 1355 τὸ
937 1294 1045 1355 ΑΒΓ
1070 1290 1130 1373 τρί-

127 1416 238 1474 γωνον
261 1391 393 1459 δέδοται
416 1405 461 1482 τῷ
487 1397 576 1460 εῖδει.

193 1498 353 1564 ἐκκείσθω
386 1500 448 1586 γδιρ
481 1499 641 1585 δεδομένη
669 1510 715 1588 τῷ
742 1500 876 1585 μεγέθει
903 1501 1021 1566 εὐθεῖα
1048 1500 1068 1583 ἡ
1094 1504 1128 1565 A.

125 1604 181 1670 καὶ
204 1604 272 1671 ἐπεὶ
295 1609 393 1688 λόγος
416 1604 484 1671 ἐστὶ
502 1616 560 1690 της
578 1611 645 1671 ΑΒ
668 1609 751 1693 πρὸς
770 1611 837 1672 ΒΓ
854 1608 979 1691 δοθείς,
1003 1608 1021 1674 ὁ
1040 1607 1129 1682 αὐτὸς

127 1713 215 1800 αὐτῷ
235 1711 395 1795 γεγονέτω
415 1712 432 1778 ὁ
452 1722 510 1795 τῆς
528 1719 560 1776 A
582 1714 665 1796 πρὸς
683 1714 745 1796 την
762 1719 800 1778 Ε.
839 1714 979 1778 δοθεῖσα
999 1711 1036 1778 δὲ
1053 1714 1074 1797 ἡ
1090 1716 1128 1777 A·

74 1833 107 1880 15
127 1821 265 1884 δοθεῖσα
288 1820 352 1904 άρα
374 1817 430 1882 καὶ
452 1819 473 1901 ἡ
496 1823 534 1882 Β.
571 1819 672 1882 πάλιν
696 1816 765 1883 ἐπεὶ
787 1820 885 1901 λόγος
908 1818 977 1884 ἐστὶ
1000 1829 1058 1904 της
1075 1819 1131 1883 ΒΓ
1166 1874 1168 1887 .

125 1926 207 2010 πρὸς
229 1926 290 2008 τὴν
308 1930 342 1988 Α
348 1929 381 1988 Γ
397 1925 521 2006 δοθείς,
545 1923 562 1989 ὁ
587 1924 686 2001 αὐτὸς
705 1925 795 2012 αὐτῷ
815 1923 976 2006 γεγονέτω
996 1926 1014 1992 ὁ
1033 1924 1127 2008 τῆςΒ

126 2032 209 2115 πρὸς
231 2030 292 2112 την
317 2033 353 2092 Ζ.
395 2030 535 2093 δοθεῖσα
559 2026 595 2094 δὲ
618 2029 638 2112 η
663 2035 709 2094 E·
732 2031 872 2095 δοθεῖσα
896 2031 960 2117 άρα
982 2030 1039 2096 καὶ
1059 2030 1078 2113 ἡ
1096 2033 1124 2093 Ζ.
1166 2016 1168 2023 ’

127 2133 182 2200 καὶ
206 2134 241 2199 ἐκ
263 2144 366 2219 τριῶν
389 2135 543 2218 εὐθειῶν,
567 2136 604 2199 αἴ
624 2137 710 2200 εἰσιν
734 2142 802 2200 ῖσαι
825 2134 914 2222 τρισὶ
937 2148 1010 2214 ταῖς
1028 2136 1125 2202 δοθεί-

126 2257 199 2317 σαις
222 2251 293 2317 ταῖς
311 2246 354 2323 A,
368 2245 407 2322 E,
423 2245 461 2323 Z,
485 2235 532 2305 ὧν
556 2242 593 2305 αλ
613 2242 675 2305 δύο
699 2251 757 2325 της
779 2247 895 2326 λοιπῆς
912 2240 1057 2326 μείζονές
1073 2241 1125 2306 εἱσι

73 2361 108 2409 20
127 2347 233 2432 πάντη
247 2350 583 2431 μεταλαμβανόμεναι,
597 2349 762 2433 τρίγωνον
772 2347 960 2413 συνεστάτω
970 2349 1008 2414 τὸ
1018 2352 1058 2413 Η
1059 2347 1124 2412 ΘΚ·

126 2454 209 2517 ὥστε
242 2458 318 2535 λ’σην
345 2447 430 2518 εἶναι
457 2455 519 2537 την
545 2450 606 2538 μὲν
633 2459 666 2517 A
698 2463 737 2539 τῇ
765 2457 805 2517 Η
809 2458 853 2537 Θ,
885 2455 946 2537 την
975 2451 1013 2519 δὲ
1039 2459 1070 2519 E
1093 2458 1124 2535 τό

129 2562 207 2642 ΘΚ,
243 2561 305 2644 τὴν
337 2557 373 2624 δὲ
406 2565 433 2625 Ζ
469 2569 509 2646 τῇ
541 2562 621 2624 HK.
681 2560 820 2624 δοθεῖσα
853 2556 889 2623 δὲ
922 2557 1040 2644 ἑκάστη
1070 2568 1124 2623 τόν

126 2673 173 2749 A,
196 2672 239 2749 E,
264 2671 304 2730 Ζ·
342 2667 481 2731 δοθεῖσα
513 2664 579 2750 ἄρα
611 2662 667 2729 καλ
697 2663 814 2748 ἑκάστη
847 2676 915 2729 τῶν
946 2670 1033 2749 ΗΘ,
1062 2663 1122 2741 ΘΚ,

126 2776 202 2837 KH
220 2782 265 2861 τῷ
289 2770 435 2856 μεγέθει·
469 2769 600 2836 δέδοται
624 2773 688 2857 άρα
711 2773 748 2835 τὸ
771 2775 812 2835 Η
816 2774 884 2835 ΘΚ
904 2774 1068 2857 τρίγωνον
1086 2772 1121 2853 τῷ

72 2889 107 2939 25
126 2879 216 2943 εῖδει.
260 2876 316 2942 καὶ
339 2877 412 2942 ἐπεί
432 2876 522 2941 ἐστιν
546 2877 590 2952 ὡς
613 2877 634 2960 η
658 2881 724 2940 ΑΒ
747 2878 830 2962 πρὸς
852 2878 914 2960 την
937 2881 1010 2960 ΒΓ,
1034 2877 1132 2946 οὕτως

125 2981 145 3064 η
169 2989 201 3046 A
228 2982 311 3067 πρὸς
333 2983 395 3065 την
418 2986 461 3064 E,
495 2986 549 3064 ἴση
574 2978 609 3045 δὲ
637 2980 656 3063 η
680 2978 741 3065 μὲν
763 2987 796 3045 A
823 2991 862 3067 τῇ
885 2985 971 3066 ΗΘ,
1003 2984 1024 3068 η
1050 2976 1143 3048 δλλῖ

197 3179 220 3226 1.
247 3172 339 3242 ΒΑΓ]
358 3175 442 3225 ΑΒΓ
456 3171 483 3239 b,
503 3170 572 3224 item
590 3170 637 3225 lin.
658 3177 682 3226 ν.
753 3177 776 3225 ο.
792 3174 999 3296 ΔΖΕηΔΕΖ
1016 3176 1044 3231 b.
1102 3170 1135 3218 ⁶-

125 3244 174 3314 μηδ’
207 3241 293 3312 μγἸ).
349 3241 588 3314 8.τῷ]έντῷ1).
650 3247 673 3296 9.
694 3243 793 3313 ΑΒΓ]
813 3246 869 3296 ΑΓ
981 3241 1143 3300 mmm·

125 3332 179 3370 σαν
207 3312 299 3384 ἔχουσι
316 3313 343 3366 b.
418 3317 459 3367 12.
479 3317 516 3384 τῷ
530 3311 656 3384 μεγέθει]
676 3329 728 3367 om.
740 3312 766 3367 b.
842 3319 883 3367 16.
903 3267 1141 3441 ΑΓηΊΑΒιΓελη

126 3389 175 3439 ΒΑ
193 3402 218 3438 v.
311 3388 353 3438 17.
372 3383 435 3455 τήν]
459 3400 511 3438 om.
531 3383 558 3437 b.
640 3381 700 3455 καί]
725 3400 777 3438 om.
796 3384 823 3437 b.
907 3389 948 3439 18.
992 3391 1037 3443 ost
1054 3386 1141 3456 vpuw

125 3455 189 3510 add.
210 3454 247 3524 οη
264 3454 290 3510 b.
376 3452 458 3526 τρια]
481 3471 533 3510 om.
552 3454 578 3508 b.
672 3459 712 3508 19.
737 3455 809 3525 τως]
833 3462 867 3526 ιη
885 3454 911 3508 b.
1004 3439 1144 3528 μειμιες]
