2356 3818
124 119 167 183 84
527 121 732 174 ΔΕΔΟΜΕΝΑ.

122 271 222 330 θεῖσα
244 263 265 346 ἡ
287 263 353 329 ὑπὸ
376 275 444 330 τῶν
467 269 563 328 ΒΑΔ
587 264 704 346 γωνία·
733 260 865 328 δέδοται
889 265 956 350 ἄρα
979 264 1018 329 τὸ
1040 267 1134 329 ΑΒΔ

122 374 288 456 τρίγωνον
306 379 352 458 τῷ
371 371 465 435 είδει·
489 370 630 435 δοθεῖσα
648 371 713 456 όίρα
731 367 821 434 ἐστὶν
839 369 860 453 ἡ
877 369 944 435 ὑπὸ
958 382 1028 437 τῶν
1041 373 1134 435 ΑΒΔ

123 480 238 559 γωνία.
284 479 353 541 έστι
377 473 414 540 δὲ
435 474 491 540 καί
514 474 535 557 ἡ
557 475 623 541 ὑπὸ
647 487 714 540 τῶν
737 479 838 542 ΒΑΓ
857 479 967 558 γωνία
988 478 1134 542 δοθεῖσα·

123 581 179 647 καὶ
199 584 296 666 λοιπὴ
316 584 380 668 ἄρα
397 583 417 666 ἡ
435 582 501 647 ὑπὸ
520 593 588 646 τῶν
602 586 701 647 ΑΓΒ
721 582 861 648 δοθεῖσα
879 582 985 648 ἐστιν·
1011 580 1135 647 δέδοται

89 690 189 774 οίίρα
211 690 248 754 τὸ
272 692 378 753 ΑΒΓ
394 692 560 771 τρίγωνον
582 698 628 776 τῷ
652 689 742 754 εῖδει.

601 882 666 968 με’.

189 1006 265 1072 Ἐὰν
293 1011 459 1093 τρίγωνον
485 1011 566 1091 μίαν
596 1010 653 1092 ἔχῃ
681 1011 808 1089 γωνίαν
836 1006 1036 1090 δεδομένην,
1067 1005 1136 1090 περὶ

125 1110 162 1177 δέ
194 1115 298 1195 ἄλλην
329 1117 456 1195 γωνίαν
488 1115 525 1178 αί
554 1112 694 1199 πλευραί
727 1116 977 1199 συναμφότεραι
1010 1113 1056 1189 ὡς
1084 1116 1136 1198 μία

124 1220 208 1301 πρὸς
235 1220 296 1302 τὴν
323 1221 443 1304 λοιπὴν
470 1224 571 1302 λόγον
599 1222 697 1303 ἔχωσι
720 1217 916 1304 δεδομένον,
943 1217 1080 1284 δέδοται
1103 1219 1136 1283 τὸ

74 1339 109 1388 10
126 1328 291 1409 τρίγωνον
313 1334 358 1411 τῷ
382 1327 472 1390 εῖδει.

193 1433 274 1495 ἔστω
303 1433 468 1516 τρίγωνον
496 1434 533 1497 τὸ
557 1436 662 1496 ΑΒΓ
686 1435 767 1516 μίαν
793 1434 870 1516 ἔχον
897 1433 1027 1514 γωνίαν
1050 1432 1136 1496 δεδο

127 1534 231 1620 μένην
253 1539 315 1621 τὴν
336 1537 401 1602 ὑπὸ
425 1549 492 1602 τῶν
511 1542 622 1620 ΑΒΓ,
644 1535 720 1623 περὶ
743 1537 781 1602 δὲ
803 1537 908 1620 όίλλην
930 1539 1061 1619 γωνίαν
1083 1538 1138 1620 τὴν

125 1641 190 1707 ὑπὸ
213 1654 281 1707 τῶν
304 1646 405 1707 ΒΑΓ
427 1645 464 1708 αί
483 1647 637 1730 πλευραί,
665 1641 814 1708 τουτέστι
842 1645 1096 1730 συναμφότερος
1119 1641 1137 1725 ἡ

126 1753 228 1815 ΒΑΓ
244 1751 327 1837 πρὸς
349 1751 410 1833 τὴν
429 1753 498 1814 ΒΓ
515 1753 616 1832 λόγον
637 1748 734 1833 ἐχέτω
754 1747 948 1833 δεδομένον·
972 1748 1071 1833 λέγω,
1093 1749 1138 1814 ὅτι

76 1869 109 1918 15
127 1856 164 1920 τὸ
189 1858 295 1920 ΑΒΓ
311 1859 476 1942 τρίγωνον
500 1855 633 1920 δέδοται
654 1863 701 1944 τςό
725 1856 814 1920 εῖδει.

193 1963 366 2045 τετμήσθω
390 1963 453 2048 γὰρ
476 1961 497 2044 ἡ
518 1961 583 2026 ὑπὸ
602 1972 670 2027 τῶν
684 1964 786 2026 ΒΑΓ
802 1963 908 2043 γωνία
927 1961 1006 2044 δίχα
1024 1971 1064 2046 τῇ
1078 1965 1139 2025 ΑΔ

127 2067 256 2154 εὐθείᾳ·
280 2070 370 2132 ἔστιν
393 2070 457 2153 ἄρα
481 2068 526 2144 ὡς
549 2071 799 2153 συναμφότερος
822 2066 842 2149 ἡ
862 2070 963 2130 ΒΑΓ
979 2068 1066 2153 πρὸς
1083 2068 1139 2150 τὴν

129 2175 201 2253 ΓΒ,
224 2171 325 2254 ἡΑΒ
348 2174 431 2258 πρὸς
449 2174 510 2256 τὴν
528 2179 600 2238 ΒΔ.
638 2177 735 2256 λόγος
754 2170 790 2237 δὲ
808 2181 868 2236 τοῦ
887 2170 1140 2259 συναμφοτέρου

128 2286 185 2360 τῆς
199 2280 301 2341 ΒΑΓ
318 2280 400 2364 πρὸς
417 2280 479 2362 τὴν
497 2283 556 2343 ΓΒ
576 2282 703 2356 δοθείς·
727 2281 824 2361 λόγος
843 2279 907 2364 ἄρα
925 2276 981 2342 καὶ
1001 2288 1061 2363 τῆς
1079 2281 1140 2343 ΑΒ

76 2396 109 2446 20
128 2385 210 2469 πρὸς
238 2384 299 2466 τὴν
322 2387 389 2447 ΒΔ
417 2385 541 2461 δοθείς.
586 2388 644 2449 καί
669 2384 737 2449 ἐστι
765 2385 907 2449 δοθεῖσα
933 2383 954 2467 ἡ
980 2382 1051 2449 ὑπὸ
1078 2394 1142 2448 τῶν

128 2496 229 2554 ΑΒΔ
247 2493 365 2572 γωνία·
389 2489 522 2554 δέδοται
541 2493 605 2576 ἄρα
623 2492 659 2555 τὸ
675 2496 775 2555 ΑΒΔ
798 2493 964 2575 τρίγωνον
982 2497 1031 2577 τῷ
1051 2491 1142 2555 είδει·

129 2598 267 2663 δοθεῖσα
290 2599 354 2682 όίρα
378 2594 468 2661 ἐστὶν
490 2595 510 2678 ἡ
533 2596 599 2661 ὑπὸ
622 2607 689 2660 τῶν
708 2601 804 2660 ΒΑΔ
816 2599 941 2687 γωνία.
977 2599 1039 2660 καί
1055 2594 1142 2661 ἐστιν

128 2705 230 2788 αὐτῆς
252 2704 437 2768 διπλασίων
455 2701 475 2784 ἡ
494 2702 559 2766 ὑπὸ
579 2704 692 2765 ΒΑΓ·
715 2703 855 2766 δοθεῖσα
873 2703 938 2787 ἄρα
957 2700 1028 2766 ἐστὶ
1046 2700 1104 2767 καὶ
1124 2700 1143 2783 ἡ

128 2810 193 2874 ὑπὸ
212 2821 279 2874 τῶν
294 2812 397 2873 ΒΑΓ.
435 2811 503 2873 ἔστι
527 2803 563 2871 δὲ
586 2805 642 2871 καὶ
659 2808 679 2891 ἡ
698 2807 763 2872 ὑπὸ
782 2817 850 2872 τῶν
865 2811 972 2872 ΑΒΓ
988 2808 1142 2875 δοθεῖσα·

77 2926 111 2975 25
129 2913 185 2979 καὶ
204 2916 301 2998 λοιπὴ
321 2917 384 2999 όίρα
403 2913 423 2996 ἡ
442 2913 507 2978 ὑπὸ
523 2923 590 2977 τῶν
605 2915 705 2976 ΑΓΒ
724 2913 864 2978 δοθεῖσό
883 2912 986 2978 ἐστιν·
1011 2912 1142 2980 δέδοται

130 3022 194 3105 ἄρα
216 3022 253 3083 τὸ
277 3023 382 3084 ΑΒΓ
398 3023 564 3105 τρίγωνον
587 3028 632 3106 τῷ
657 3019 748 3087 εῖδει.

202 3244 1138 3316 εΜῊῌΜ.μωμΜοαωω

130 3317 244 3370 monstr.
265 3313 364 3382 altera,
383 3332 409 3368 u.
430 3332 493 3384 app.
585 3323 609 3370 6,
629 3317 690 3386 μς’]
710 3332 763 3370 om.
782 3316 801 3368 b
821 3318 888 3384 (non
907 3317 942 3387 β),
1034 3322 1058 3371 8.
1077 3333 1137 3370 σον·

130 3386 300 3456 αμφότεραι]
320 3402 372 3440 om.
392 3386 418 3440 b.
493 3391 535 3442 11.
557 3386 625 3458 ἔχων
644 3387 670 3441 b.
741 3392 781 3440 13.
801 3384 943 3442 τουτέστιν
961 3386 1042 3442 codd.
1098 3390 1134 3439 14

132 3454 771 3529 mmmmmm.wwm
861 3455 1132 3530 mfflmmu
