2356 3818
526 121 631 172 11111.
1040 120 1087 185 33

69 282 151 346 ergo
171 262 360 347 magnitudo
380 266 450 346 ZB,
473 267 659 346 comparata
683 286 756 328 oum
778 269 858 350 ΕΔ,
881 265 957 330 data
979 265 1084 330 maior

69 373 125 433 est
148 391 244 454 quarn
260 369 303 433 'in
324 369 449 434 ratione
473 369 549 453 [def.
571 369 636 454 11].

527 528 633 594 XVII.

143 632 178 699 Si
213 638 280 699 tres
312 635 551 724 magnitudines
583 636 770 720 propositae
803 643 878 701 sunt
911 643 943 702 11
969 638 1084 723 prima,

69 745 264 824 comparata
296 763 369 807 oum
401 743 554 826 secunda,
590 742 664 806 data
700 742 804 807 maior
836 749 885 807 est
922 766 1019 827 quam
1049 745 1086 807 in

69 847 211 932 ratione,
234 852 266 912 et
290 848 388 912 etiam
411 847 517 934 tertia,
540 853 727 933 comparata
746 872 819 915 eum
838 850 957 933 eadem,
980 850 1109 943 maior·

69 958 125 1018 est
149 975 246 1037 quam
269 954 304 1017 in
326 953 466 1039 ratione,
492 959 549 1019 aut
576 955 683 1039 prima¹
708 956 748 1019 ad
770 955 901 1020 tertiam
923 954 1085 1020 rationem

70 1059 210 1124 habebit
229 1060 347 1144 datam,
370 1064 427 1124 aut
446 1059 556 1145 altera,
579 1065 766 1146 comparata
785 1083 859 1126 eum
878 1061 988 1145 altera,
1011 1061 1087 1124 data

73 1165 181 1230 maior
204 1155 265 1231 erit
289 1189 386 1253 quam
408 1167 443 1230 in
465 1167 599 1232 ratione.

145 1272 210 1335 sint
242 1276 308 1337 tres
341 1272 579 1358 magnitudines
612 1275 691 1356 AB,
715 1275 751 1356 Γ,
774 1278 853 1356 ΛΕ,
886 1278 919 1338 11
950 1278 1087 1358 utraque

70 1378 268 1464 magnitudo
297 1381 372 1462 ΑΒ,
394 1382 474 1463 ΔΕ,
504 1383 690 1463 comparata
718 1383 852 1464 111111Γ,
882 1380 958 1444 data
984 1381 1090 1445 maior

70 1485 122 1550 sit
146 1504 242 1567 quam
260 1484 447 1548 iuratione.
484 1484 565 1568 dieo,
588 1490 644 1549 aut
666 1485 907 1570 magnitudines
926 1490 1001 1571 ΑΒ,
1019 1491 1090 1550 ΔΕ

71 1591 164 1656 inter
192 1612 225 1654 se
253 1590 414 1655 rationem
439 1590 559 1654 habere
587 1591 710 1675 datam,
739 1595 796 1655 aut
819 1591 969 1677 alteram,
1001 1614 1088 1657 oom-

71 1701 227 1782 paratam
241 1718 315 1761 aum
329 1696 439 1781 altera,
454 1696 529 1760 data
542 1696 698 1760 maiorem
713 1718 782 1761 esse
798 1719 894 1781 quam
907 1697 1088 1761 iuratione.

145 1824 222 1866 nam
246 1802 399 1885 quoniam
421 1803 611 1888 magnitudo
634 1807 715 1887 ΛΕ,
742 1807 929 1886 comparata
954 1825 1027 1867 oum
1051 1806 1090 1887 Γ,

70 1910 156 1973 data
179 1908 282 1972 maior
301 1913 350 1973 est
369 1930 466 1992 quam
483 1909 518 1972 in
536 1909 670 1992 ratione,
694 1908 859 1973 auferatur
872 1909 949 1973 data
966 1909 1089 1994 magni-

70 2012 72 2017 ’
266 2059 287 2108 Ζ
468 2061 490 2108 B
531 2015 609 2079 tudo
624 2018 704 2079 AH.
732 2015 841 2098 itaque
860 2015 1002 2100 reliquae
1017 2020 1092 2080 HE

72 2116 100 2164 A
113 2128 272 2162 Ι--1
478 2126 481 2162 ⁸
532 2121 572 2184 ad
596 2124 628 2186 Γ
650 2120 735 2186 ratio
763 2122 839 2186 data
866 2126 924 2186 est.
977 2123 1089 2187 eadem

73 2240 118 2290 ,Fr
358 2251 361 2287 1
532 2228 569 2291 de
598 2249 694 2292 eausa
721 2227 819 2292 etiam
848 2228 932 2293 ratio
961 2232 1022 2293 ΖΒ
1038 2253 1045 2292 :
1061 2231 1094 2293 Γ

235 2362 266 2411 H
422 2360 447 2410 Ε
532 2334 606 2398 data
629 2332 718 2421 est.¹)
761 2316 869 2418 quare⁰
882 2335 981 2399 etiam
1003 2335 1089 2399 ratio

74 2418 247 2468 “M—¹
434 2430 438 2466 ¹
534 2444 694 2531 ZB:HE
711 2441 786 2505 data
800 2445 850 2504 est
868 2439 1089 2525 [prop.VIH].

78 2555 114 2614 et
140 2548 333 2614 adiiciantur
354 2547 395 2611 iis
419 2547 511 2611 datae
534 2546 773 2632 magnitudines
796 2552 828 2610 A
835 2550 875 2630 Z,
892 2550 973 2610 ΛΗ.
1010 2568 1089 2631 ergo

74 2660 139 2720 aut
158 2659 247 2719 totae
261 2657 336 2738 ΑΒ,
348 2658 419 2718 ΔΕ
433 2653 519 2717 inter
538 2675 571 2717 se
589 2653 749 2717 rationem
763 2651 884 2716 habent
899 2652 1016 2735 datam,
1033 2655 1089 2715 aut

74 2762 194 2845 altera,
218 2765 403 2844 comparata
427 2782 499 2824 oum
523 2759 633 2844 altera,
655 2759 731 2823 data
749 2757 853 2822 maior
871 2762 920 2823 est
939 2779 1037 2841 quam
1054 2758 1091 2822 in

74 2868 209 2932 ratione
229 2867 332 2951 [prop.
347 2864 449 2949 XIV]
529 2953 640 3021 XVIII

153 3060 189 3126 Si
207 3066 272 3126 tres
291 3060 531 3147 magnitudines
549 3059 734 3145 propositae
753 3064 829 3124 sunt
848 3064 880 3123 et
894 3082 959 3125 una
972 3082 1093 3145 earum,

76 3171 274 3252 comparata
297 3189 370 3232 oum
392 3172 528 3250 utraque
551 3165 684 3250 reliqua,
707 3166 782 3231 data
804 3166 908 3230 maior
927 3171 977 3230 est
996 3187 1094 3250 quam

145 3327 171 3395 1)
185 3323 263 3378 Haeo
273 3286 475 3378 demonstratio
485 3339 541 3377 non
550 3321 623 3375 nihil
632 3321 719 3376 habet
728 3321 901 3390 offensionis;
915 3321 1007 3391 priore
1017 3321 1093 3376 enim

77 3397 148 3450 -looo
168 3395 416 3450 demonstrandum
430 3396 499 3463 erat,
518 3393 656 3447 rationem
672 3398 737 3449 ZB:
751 3397 776 3447 Γ
791 3392 1109 3458 (1111111111111111

77 3465 182 3522 uerbis
201 3465 250 3520 διὰ
263 3465 298 3521 τὰ
312 3465 384 3520 αὐτά
402 3464 616 3538 abnuendum,
633 3464 781 3523 rationem
795 3469 876 3520 H-Ez
886 3467 913 3517 P
931 3463 1043 3515 datam
1053 3467 1136 3506 suaa.

136 3563 281 3614 Euclides,
299 3565 349 3605 odd.
360 3566 467 3620 Herberg
480 3571 504 3609 ot
514 3546 612 3624 Mense..
636 3571 681 3613 Π.
955 3553 977 3597 3
