2356 3818
542 146 706 198 SOHOLIA.
1063 143 1128 206 277

486 339 539 406 Ad
561 363 653 426 prop.
676 339 764 405 XIV.
896 302 916 327 Ὁ

109 549 134 613 ἆ
187 464 233 529 64.
270 463 382 549 Ρ.26,
408 464 464 548 17]
493 466 555 529 κᾶν
578 488 613 529 τε
637 470 692 529 ι’σα
714 458 736 550 ᾖ
759 465 800 528 τὰ
822 470 904 548 ΑΕ,
925 469 985 529 ΓΖ
1008 468 1071 530 κᾶν
1094 489 1128 530 τε

132 577 221 636 vida·
246 601 248 604 ⁴

184 695 232 760 65.
265 698 376 777 Λόγος
403 697 468 781 ἄρα
491 704 551 760 τοῦ
575 700 641 759 ΕΑ
664 719 695 780 p.
717 697 773 780 26,
793 695 940 779 21-22]
969 706 1037 761 τῶν
1064 697 1127 782 γὰρ

89 773 303 884 ὃὸἰδομένων
325 808 479 885 μεγεθῶν
501 801 519 867 6
543 804 642 884 λόγος
663 802 747 887 πρὸς
770 803 895 885 ἄλληλα
919 799 1060 866 δέδοται.
1169 820 1178 853 ¹⁴

183 926 231 990 66.
255 928 366 1008 Λόγος
384 927 448 1013 ἄρα
466 923 522 989 καὶ
541 933 601 989 τοῦ
620 929 690 988 ΗΒ
713 947 742 1009 p.
754 926 807 1010 28,
821 924 923 1008 6-7]
948 925 1059 990 διὰτὸ
1080 923 1127 1008 ιβ’

72 1023 176 1095 ‘0'6
192 1030 220 1096 ε’
238 1028 295 1096 καὶ
314 1030 426 1096 διὰτὸ
446 1030 684 1116 ἀντιστρόφιον
703 1039 763 1094 τοῦ
782 1030 873 1117 ὅρου.
907 1028 976 1094 ἐπεὶ
996 1029 1128 1095 δέδοται

65 1101 91 1166 ὁ
162 1146 218 1202 τοῦ
242 1141 307 1203 AB
335 1138 419 1223 πρὸς
442 1139 502 1201 ΓΛ
530 1138 628 1219 λόγος
654 1139 713 1200 καί
738 1136 828 1201 ἐστιν
855 1135 873 1201 6
898 1136 998 1212 αὐτὸς
1026 1135 1043 1201 6
1067 1144 1128 1201 τοῦ

59 1210 182 1307 [TA
202 1245 286 1329 πρὸς
306 1245 376 1326 ΖΓ,
399 1240 532 1307 δέδοται
550 1239 605 1306 καὶ
625 1241 730 1318 οὕτως
748 1242 766 1308 6
786 1250 846 1307 τοῦ
865 1246 936 1306 ΗΒ
954 1244 1038 1329 πρὸς
1057 1247 1127 1307 ΖΛ.

180 1367 231 1433 67.
265 1365 342 1431 Ἐδιν
369 1363 406 1431 δὲ
432 1368 622 1450 ποιήσωμεν
650 1366 694 1442 ὡς
721 1367 758 1431 τὸ
786 1371 852 1430 ΑΒ
879 1368 963 1453 πρὸς
989 1369 1026 1432 τὸ
1057 1370 1128 1452 ΓΛ,
1147 1377 1176 1425 11

58 1456 218 1549 Ο’ῖέτιος
240 1475 278 1538 τὸ
302 1477 371 1538 ΑΕ
390 1473 474 1560 πρὸς
496 1473 533 1537 τὸ
557 1471 621 1536 ἀπὸ
645 1480 704 1536 τοῦ
725 1474 757 1536 Γ
774 1473 819 1548 ὡς
842 1470 894 1536 ἐπὶ
917 1474 954 1537 τὸ
975 1478 1013 1557 Ζ,
1036 1474 1127 1560 εὑρε-

59 1553 250 1662 θήσεται
274 1579 311 1642 τὸ
337 1582 399 1642 ΖΔ
422 1586 482 1642 τοῦ
505 1581 569 1642 ΒΒ
594 1576 731 1642 δοθέντι
754 1580 864 1661 μεῖζον
886 1576 907 1660 ἣ
931 1577 967 1643 ἐν
990 1582 1086 1666 λόγῳ.

489 1789 541 1853 Ad
562 1811 654 1875 prop.
677 1789 749 1854 XV.

178 1916 230 1981 68.
259 1918 364 1979 Τοῦτο
384 1913 621 2000 ἀντιστρόφιόν
639 1935 710 1991 πως
723 1922 783 1978 τοῦ
797 1916 861 1998 πρὸ
876 1913 989 1978 αὐτοῦ.
1019 1912 1128 1991 δείξας

99 2021 190 2108 γάρ,
223 2021 274 2086 ὅτι
306 2020 365 2086 ἐὰν
394 2027 563 2107 προστεθῇ
591 2018 753 2105 δεδομένα
779 2019 903 2105 μεγέθη
931 2032 1001 2097 τοῖς
1033 2021 1126 2084 δεδο-
1146 2032 1174 2079 1·

109 2126 213 2206 μένον
240 2129 353 2211 ἔχουσι
380 2129 496 2210 λόγον,
523 2135 588 2191 νῦν
616 2124 671 2191 καὶ
699 2126 853 2213 ἀφαιρῶν
880 2128 920 2191 τοὶ
948 2127 1033 2191 αὐτὰ
1059 2137 1128 2191 τῶν

111 2233 224 2298 αὐτῶν
247 2233 396 2298 δείκνυσι
418 2234 456 2297 τὸ
480 2233 570 2297 αὐτό.

483 2443 536 2510 Ad
557 2468 649 2531 prop.
672 2445 762 2510 XVI.

178 2569 230 2634 69.
260 2567 327 2634 Καὶ
347 2574 465 2635 λοιποῦ
483 2578 544 2635 τοῦ
563 2574 632 2634 ΗΒ
655 2593 685 2655 p.
701 2571 754 2655 30,
768 2568 915 2652 23-24]
937 2565 994 2631 καὶ
1012 2569 1125 2651 δῆλον,

112 2673 162 2739 ὅτι
195 2672 252 2739 καὶ
280 2680 399 2741 λοιποῦ
431 2684 491 2741 τοῦ
516 2679 586 2740 ΗΒ
618 2677 701 2763 πρὸς
729 2676 847 2741 λοιπὸν
873 2675 910 2738 τὸ
933 2677 997 2737 ΕΛ
1028 2676 1126 2755 λόγος
1144 2685 1173 2732 2·

111 2778 180 2845 ἐστὶ
204 2778 321 2857 δοθεὶς
344 2782 460 2846 διὰτὸ
484 2780 536 2846 ιθ’
560 2790 621 2846 τοῦ
644 2780 672 2846 ε’
696 2792 763 2846 τῶν
786 2781 967 2863 στοιχείων.

183 3024 263 3080 64.1.
338 3030 379 3080 66.
399 3025 541 3094 ΡΠειθος
559 3042 664 3096 praem.
680 3025 728 3080 διὰ
741 3027 773 3080 τὸ
787 3026 819 3079 α’
839 3043 862 3082 ο.
932 3031 974 3081 66.
993 3044 1018 3080 v,
1081 3030 1122 3078 67.

109 3095 373 3164 PlVot.vMon.oo.
436 3101 477 3151 68.
496 3096 861 3165 PlVat.vMon.Ambr.po.
924 3102 966 3152 69.
985 3096 1123 3163 ΡΙἾοοο.

183 3348 207 3398 5,
232 3342 313 3415 πρός]
332 3343 347 3399 6
366 3342 436 3413 πρός
454 3343 472 3397 l.
564 3350 606 3398 11.
625 3343 656 3398 τό
671 3344 754 3415 (alon
772 3352 822 3398 τοῦ
841 3343 880 3398 Ισ,
966 3341 1003 3402 ὡς
1034 3357 1123 3410 comp.

109 3413 184 3483 vat„
203 3412 275 3482 πρός
293 3434 317 3482 ρ.
378 3421 419 3469 14,
438 3414 649 3485 ἀντιστρόφιόν]
669 3414 695 3468 ἀ.
716 3414 772 3468 ἐστι
789 3413 884 3467 Ambr.
940 3431 998 3474 πως
1028 3429 1083 3466 τον
1099 3432 1122 3480 ρ.

146 3490 188 3541 19.
208 3481 269 3556 καί]
288 3485 367 3553 ὡςο.
440 3490 483 3540 20.
504 3486 571 3556 ΗΒ]
591 3489 644 3539 ΒΕ
663 3506 686 3554 ρ.
