2356 3818
338 195 342 201 .
389 143 494 196 unus.
884 135 949 200 173

52 289 81 350 ta
117 289 168 349 θεὴ
206 281 298 370 ΒΔ).
362 288 394 348 θὴ
436 284 547 348 datum
589 287 639 347 est
677 286 748 346 ΑΓ
784 287 817 346 θὴ
854 283 948 346 datus

52 413 152 475 quare
179 391 278 454 etiam
303 395 370 454 AB
398 391 474 454 data
502 394 551 454 est
580 388 685 472 [prop.
709 387 824 472 LVII]⁸
871 410 949 475 ergo

52 520 75 562 ιθ
100 504 133 562 A
139 501 177 582 B,
196 499 264 561 ΒΓ
281 496 358 561 data
380 500 439 561 est.

348 795 543 860 LXXXVII.

65 938 101 1001 in
125 937 283 1002 circulum
306 937 530 1022 magnitudine
550 937 662 1000 datum
685 919 774 1001 necta
791 935 878 999 linea
897 936 952 998 du-

52 1044 240 1108 abscindens
269 1047 473 1129 segmentum
497 1043 652 1127 angulum
679 1043 791 1106 datum
815 1041 954 1126 capiens,

59 1154 149 1214 recta
172 1149 248 1213 data
272 1153 321 1212 est
347 1148 579 1233 magnitudine.

52 1279 83 1318 m
109 1256 146 1318 in
173 1255 330 1319 circulum
358 1254 582 1340 magnitudine
611 1255 722 1319 datum
751 1258 856 1319 ΑΒΓ
882 1276 954 1338 prc-

52 1385 79 1425 u
111 1367 143 1424 A
150 1364 182 1426 Γ
210 1361 401 1425 abscindens
435 1364 639 1445 segmentum
666 1364 771 1425 ΑΕΓ
799 1361 955 1446 angulum

52 1524 62 1542 ,Α
78 1467 217 1550 capiens,
264 1466 350 1549 dioc,
378 1453 449 1531 ΑΓ
477 1467 587 1530 datam
620 1489 689 1530 esse
722 1467 955 1551 magnitudine.

389 1576 539 1636 sumatur
562 1572 648 1635 enim
672 1575 819 1635 centrum
843 1571 956 1635 circufi

277 1742 285 1757 ,
335 1684 378 1762 Δ,
396 1681 428 1741 θὴ
448 1679 545 1742 ducta
559 1684 624 1741 ΑΔ
642 1677 840 1761 producatur
859 1676 899 1740 ad
918 1680 956 1760 E,

236 1743 280 1791 'E
336 1789 369 1849 et
393 1785 529 1848 ducatur
554 1787 623 1847 ΓΕ.
664 1783 759 1846 datus
783 1785 833 1846 est
855 1781 957 1866 igitur

59 1792 235 2073 ss
337 1893 475 1966 [ΑΓΕ
491 1888 582 1975 (nam
599 1893 707 1953 rectus
723 1891 773 1951 est
788 1883 956 1972 [ffl,31]).

52 2075 58 2086 s
335 2018 450 2060 uerum
478 1996 577 2060 etiam
605 1996 750 2070 [ΑΕΓ
778 1993 872 2055 datus
900 1995 958 2055 est.

249 2144 282 2193 F
337 2125 436 2187 quare
460 2102 558 2166 etiam
581 2099 725 2184 reliquus
750 2100 883 2173 [ΓΑΕ
903 2098 958 2161 da-

201 2248 232 2297 B

337 2213 390 2273 tus
424 2211 474 2271 est
507 2207 556 2291 [L
577 2207 634 2291 323
662 2228 775 2289 propp.
798 2203 861 2286 ΠΙ,
888 2201 960 2286 IV]

338 2315 432 2378 datus
460 2317 511 2377 est
540 2312 643 2397 igitur'
671 2310 706 2378 Δ
724 2312 827 2374 ΑΓΕ
853 2307 958 2392 specie

52 2426 154 2509 ‚XL].
200 2424 311 2508 itaque
337 2420 421 2484 ratio
445 2423 514 2483 ΑΕ
526 2442 533 2482 :
548 2420 619 2482 ΑΓ
641 2417 718 2481 data
741 2419 791 2479 est
820 2414 895 2498 [def.
915 2412 959 2496 3].

52 2536 98 2596 est
122 2535 232 2595 autem
255 2534 323 2594 EA
346 2525 578 2612 magnitudine,
601 2523 755 2608 quoniam
780 2519 879 2584 etiam
899 2519 960 2582 cir-

65 2639 159 2702 datus
185 2640 234 2700 est
257 2631 479 2719 magnitudine
504 2629 578 2713 [def.
598 2630 632 2714 53
655 2650 746 2713 prop.
766 2624 840 2707 flu.
883 2643 960 2707 ergo

52 2744 115 2806 tata
138 2746 188 2806 est
213 2738 436 2825 magnitudine
460 2737 564 2820 [prop.
584 2732 638 2817 Π].

52 2984 82 3054 ig.
103 3001 156 3038 om.
177 2985 203 3039 b.
