2356 3818
127 109 172 173 34
513 111 717 171 ΔΕΔΟΜΕΝΑ.

128 255 213 339 πρὸς
240 255 365 335 ἄλληλα
392 254 464 335 ἦτοι
492 257 593 336 λόγον
615 252 678 331 ἕξει
702 252 894 339 δεδομένον,
922 251 944 336 ἦ
968 255 1013 319 τὸ
1036 252 1148 343 ἕτερον

130 367 191 423 τοῦ
215 355 328 443 ἑτέρου
352 358 488 424 δοθέντι
511 362 620 443 μεῖζόν
645 359 734 425 έστιν
757 359 778 444 ἢ
800 359 838 426 έν
859 361 958 447 λόγῳ.

197 469 280 530 έστω
304 468 378 551 τρία
401 465 524 549 μεγέθη
548 467 588 531 τὰ
610 471 691 550 AB,
711 470 781 550 ΓΔ,
800 470 877 550 ΕΖ,
903 466 942 531 ἓν
971 462 1014 533 δὲ
1038 468 1149 533 α’ὐτῶν

129 573 167 636 τὸ
196 575 258 636 ΓΔ
286 570 439 656 ἑκατέρου
467 583 534 637 τῶν
562 577 686 637 λοιπῶν
713 584 780 637 τῶν
807 576 888 654 ΑΒ,
911 576 978 636 ΕΖ
1010 572 1146 639 δοθέντι

94 692 111 740 5
130 681 240 762 μεῖζον
258 682 339 744 ἔστω
359 677 379 761 ἧ
399 677 435 744 έν
453 681 550 766 λόγῳ.
587 676 681 761 λέγω,
705 679 810 744 ὅτιτὸ
829 682 895 743 AB
918 680 1009 762 πρὸς
1028 681 1076 767 τὸ,
1087 684 1147 747 ΕΖ

130 786 204 868 ἤτοι
234 788 335 868 λόγον
362 787 427 868 ἔχει
455 782 649 867 δεδομένον,
681 783 701 867 ἢ
733 786 770 849 τὸ
797 782 910 871 ἕτερον
937 793 1004 850 τοῦ
1034 784 1147 874 ἑτέρον

55 908 59 919 ·
129 891 266 959 δοθέντι
289 894 398 975 μεῖζόν
422 890 512 955 ἐστιν
535 889 555 973 ἧ
579 890 616 955 έν
638 893 734 978 λόγῳ.

194 997 263 1064 ἐπεὶ
291 1001 354 1084 γὰρ
382 999 419 1062 τὸ
443 1001 504 1062 ΓΔ
532 1006 591 1063 τοῦ
614 1001 680 1062 ΑΒ
709 996 844 1062 δοθέντι
870 998 984 1081 μεῖζόν
1010 998 1145 1083 έστινό

128 1104 165 1169 έν
183 1107 282 1191 λόγῳ,
304 1103 490 1188 ἀφῃρήσθω
510 1104 546 1168 τὸ
570 1100 674 1168 δοθὲν
692 1101 832 1187 μέγεθος
850 1104 886 1167 τὸ
901 1106 981 1169 ΓΗ.
1027 1111 1144 1173 λοιποῦ

74 1225 110 1273 10
129 1212 192 1296 ἄρα
215 1219 275 1274 τοῦ
295 1214 363 1274 ΗΛ
385 1212 468 1295 πρὸς
490 1211 527 1274 τὸ
546 1214 612 1274 ΛΒ
636 1213 733 1293 λόγος
756 1208 825 1277 ἐστὶ
843 1210 967 1286 δοθείς.
1007 1211 1144 1291 &aenas

127 1317 217 1404 αὐτῷ
246 1314 405 1399 γεγονέτω
434 1316 539 1382 δ’τοῦ
563 1321 635 1382 ΓΗ
656 1320 739 1403 πρὸς
766 1319 803 1382 τὸ
826 1324 858 1382 A
865 1320 902 1382 Θ.
949 1320 1058 1403 λόγος
1085 1322 1144 1405 ἅμα

126 1421 265 1487 καὶτοῦ
289 1426 362 1487 ΓΗ
384 1425 466 1510 πρὸς
489 1425 526 1488 τὸ
549 1428 618 1488 ΑΘ
645 1425 768 1501 δοθείς.
812 1420 916 1488 δοθέν
939 1419 978 1488 δὲ
1004 1428 1047 1492 τὸ
1071 1428 1143 1493 ΓΗ.

127 1526 232 1595 δοθέν
255 1531 319 1614 ἄρα
341 1527 457 1594 καὶτὸ
480 1534 557 1594 ΑΘ.
602 1528 657 1594 καὶ
680 1530 760 1596 ὅλου
783 1538 843 1595 τοῦ
866 1533 928 1595 ΓΛ
952 1506 1045 1617 πρὸς
1068 1534 1143 1599 ὅλον

128 1638 165 1702 τὸ
186 1641 248 1702 ΘΒ
272 1639 370 1719 λόγος
388 1633 457 1700 ἐστὶ
476 1636 599 1712 δοθείς.
634 1635 746 1720 πόλιν,
769 1634 838 1702 εἰιελ
856 1638 893 1701 τὸ
911 1639 973 1701 ΓΔ
998 1648 1065 1704 τοῦ
1082 1642 1142 1705 ΕΖ

74 1754 109 1802 15
129 1742 265 1809 δοθέντι
288 1745 397 1828 μεῖζόν
421 1742 511 1807 ἐστιν
534 1740 554 1826 ἣ
578 1742 614 1807 έν
637 1745 739 1830 λόγῳ,
763 1742 950 1829 ἀφῃρήσθω
972 1744 1016 1810 τὸ
1043 1740 1143 1811 δοθέν

126 1849 268 1934 μέγεθος
290 1852 328 1915 τὸ
348 1852 422 1914 ΓΚ.
459 1854 578 1913 λοιποῦ
600 1858 660 1913 τοῦ
679 1852 745 1913 ΚΛ
767 1849 849 1934 πρὸς
867 1853 929 1913 ΕΖ
953 1851 1060 1935 λόγος
1077 1846 1142 1917 ἐστὶ

126 1957 251 2031 δοθείς.
288 1955 305 2021 ὁ
330 1955 429 2031 αὐτὸς
452 1954 541 2042 αὐτῷ
565 1952 724 2037 γεγονέτω
748 1955 766 2020 ὁ
790 1963 849 2019 τοῦ
873 1958 940 2019 ΓΚ
959 1958 1051 2043 πρὸς
1070 1960 1141 2023 ΛΕ.

127 2065 225 2144 λόγος
253 2062 317 2146 ἄρα
344 2059 398 2124 κοιλ
425 2070 486 2125 τοῦ
510 2065 577 2126 ΓΚ
600 2063 683 2146 πρὸς
705 2066 773 2126 ΛΕ
798 2062 920 2137 δοθείς.
968 2060 1081 2129 δοθὲν
1106 2058 1156 2147 δὲ,

125 2170 163 2232 τὸ
192 2170 266 2232 ΓΚ.
313 2163 507 2252 δοθένόλροι
533 2166 588 2231 καὶ
615 2169 652 2232 τὸ
680 2172 754 2232 ΛΕ.
798 2165 853 2232 κοιλ
881 2168 961 2233 ὅλον
987 2178 1054 2235 τοῦ
1081 2172 1140 2235 ΓΔ

67 2287 109 2335 νο
127 2275 210 2360 τιρὸς
241 2274 320 2338 ὅλον
342 2274 388 2345 ,τὸ
405 2277 481 2347 ΙΛΖ
514 2276 612 2356 λόγος
644 2272 712 2338 ἐστὶ
745 2275 866 2350 δοθείς.
920 2283 981 2339 τοῦ
1014 2272 1055 2341 δὲ
1081 2276 1139 2341 ΓΔ

127 2381 212 2465 πρὸς
236 2383 297 2443 ΘΒ
326 2382 424 2462 λόγος
451 2377 520 2444 ἐστὶ
548 2381 671 2456 δοθείς.
715 2378 852 2445 καὶτοῦ
878 2383 940 2445 ΘΒ
968 2381 1038 2465 ἄρα
1059 2382 1139 2468 πρὸς

127 2491 193 2551 ΛΖ
217 2489 315 2569 λόγος
337 2485 407 2552 ἐστὶ
430 2488 552 2563 δοθείς.
597 2484 652 2551 καὶ
680 2485 845 2572 ἀφῄρηται
868 2483 924 2550 ἀπ’
950 2486 1069 2555 αὐτῶν
1088 2487 1136 2553 δε-

128 2592 252 2679 δομένοι
279 2591 403 2678 μεγέθη
431 2593 471 2656 τὰ
501 2597 576 2675 ΘΑ,
595 2597 669 2657 ΛΕ.
718 2593 759 2657 τὰ
783 2596 863 2675 AB,
882 2595 946 2656 ΕΖ
973 2592 1042 2679 ἄρα
1069 2594 1137 2679 ἦτοι

128 2702 212 2786 πρὸς
239 2702 363 2783 ἄλληλα
392 2702 493 2781 λόγον
521 2698 584 2776 έξει
612 2697 804 2783 δεδομένον,
837 2696 857 2780 ἢ
880 2698 917 2763 τὸ
940 2696 1060 2784 ἕτερον
1080 2706 1138 2766 τοῦ

73 2816 107 2864 25
127 2804 239 2893 ἑτέρου
264 2803 400 2871 δοθέντι
422 2808 530 2888 μεῖζόν
554 2805 644 2870 ἐστιν
666 2804 686 2888 ἢ
709 2805 746 2870 έν
768 2807 864 2892 λόγῳ.
927 2826 930 2831 ·

144 3120 164 3162 ζ’
200 3109 224 3156 1.
247 3101 303 3173 ἔχει
322 3104 346 3173 β.
402 3109 426 3157 2.
447 3103 532 3174 ἐστιν]
552 3120 636 3172 supra
650 3120 739 3174 comp.
754 3103 818 3158 add.
833 3108 932 3156 ωλι.
988 3108 1014 3157 8.
1035 3102 1135 3160 έτιεέ-

126 3179 151 3228 9.
171 3173 203 3228 λό
222 3174 258 3299 m}
276 3190 328 3228 om.
348 3192 373 3229 a.
447 3180 471 3228 8.
491 3174 577 3245 ἐστιν]
597 3192 649 3230 om.
669 3193 695 3230 v.
773 3173 853 3229 10.ss
890 3175 976 3245 ]0m.
995 3192 1024 3231 a.
1096 3180 1136 3229 12.

123 3195 226 3385 ἔνδειξις
245 3316 314 3371 item
332 3317 382 3371 lin.
398 3322 439 3370 19.
512 3323 554 3371 20.
573 3326 622 3372 τοῦ
641 3313 673 3372 δέ
695 3321 847 3373 rar-22.
867 3318 1003 3388 ΛΖ]τοῦ
1024 3320 1074 3375 ΘΔ

122 3392 320 3530 wgffgzxgff'&
374 3394 416 3443 21.
435 3385 495 3457 καί]
515 3405 568 3442 om.
587 3407 612 3442 v.
695 3394 736 3442 22.
756 3388 913 3460 ἀφῄρηται]
931 3388 1095 3461 ἀφῃρήσθω
1110 3404 1134 3441 τ.

259 3262 301 3299 οτι
320 3262 344 3300 a.
419 3251 460 3299 15.
480 3245 565 3317 ἐστιν]
585 3263 637 3300 om.
658 3262 683 3300 a.
751 3252 792 3300 16.
812 3244 886 3301 έστν
903 3263 929 3300 v.
1004 3250 1050 3302 18.
1068 3248 1120 3303 ΛΕ
