2356 3818
123 116 189 180 272
550 121 714 173 scflomA.

123 263 215 346 ὅροις
237 261 418 346 εἰρημένον.
451 262 574 346 ὁμοίως
591 261 646 327 καὶ
666 264 723 329 διδ
741 264 863 328 τούτου
884 265 1068 349 δείκνυσιν,
1092 265 1144 330 ὅτι

122 366 178 431 καὶ
202 370 320 432 λοιπὸν
343 370 380 433 τὸ
404 373 469 432 ΑΒ
497 370 578 453 μετὰ
601 378 661 433 τοῦ
684 374 767 435 ΒΕ·
799 371 837 435 τὸ
859 371 923 456 γὰρ
948 374 1016 434 ΒΕ
1043 370 1146 454 ἐστιν,

123 475 207 558 πρὸς
229 473 247 538 ὃ
270 476 307 538 τὸ
326 473 440 559 ἕτερον
462 476 499 539 τὸ
518 478 588 539 ΒΓ
605 478 708 558 λόγον
730 479 795 560 ἔχει
818 474 1013 560 δεδομένον·
1039 475 1146 542 δοθέν

125 578 227 644 ἐστιν·
252 581 332 646 ὅλον
354 583 418 668 γὰρ
442 583 479 646 τὸ
503 586 572 646 ΑΒ
593 580 699 646 δοθέν
721 581 820 646 ἐστιν.

90 724 107 770 ὁ
193 706 246 769 46.
271 710 401 770 Λοιποῦ
417 707 482 790 ἄρα
496 713 556 769 τοῦ
570 709 637 770 ΔΒ
656 729 687 790 p.
700 706 751 791 18,
764 705 868 789 4—5]
892 713 993 770 τοῦτο
1011 707 1052 771 τὸ
1072 712 1149 792 σχό-

125 815 200 875 λιον
227 820 287 875 τοῦ
311 812 336 876 ι’
360 814 591 895 θεωρήματος,
620 812 704 876 ὅπου
733 822 870 894 σημεῖον
896 812 974 876 τόδε
997 816 1035 877 Ρ.
1078 825 1148 889 πῶς

125 914 225 998 λέγει·
245 922 364 982 λοιποῦ
382 927 443 982 τοῦ
456 924 490 982 A
495 922 523 981 Β
543 919 626 1003 πρὸς
640 920 708 982 ΒΓ
721 920 820 1001 λόγος
834 915 903 982 ἐστὶ
916 918 1050 997 δοθείς;
1076 918 1144 984 ἐπεὶ

124 1022 188 1106 γὰρ
208 1032 268 1087 τοῦ
287 1030 321 1088 Λ
327 1027 360 1088 Γ
375 1025 459 1107 πρὸς
476 1024 514 1088 τὸ
534 1025 596 1087 ΓΒ
615 1026 714 1106 λόγος
732 1022 801 1089 ἐστὶ
820 1025 946 1107 δοθείς,
970 1027 1064 1089 ἔσται
1085 1035 1144 1091 τοῦ

126 1131 198 1192 ΛΓ
220 1128 274 1193 καὶ
301 1131 385 1213 πρὸς
412 1130 449 1193 τὸ
473 1133 539 1194 ΛΒ
568 1132 667 1211 λόγος
694 1127 810 1205 δοθεὶς
837 1130 894 1194 διὰ
919 1131 958 1195 τὸ
986 1129 1028 1214 ε’,
1063 1133 1147 1197 ὥστε

75 1250 107 1299 10
125 1231 180 1297 καὶ
208 1232 364 1319 ἑκατέρου
392 1247 459 1299 τῶν
481 1239 559 1317 ΛΒ,
581 1238 650 1300 ΒΓ
675 1237 759 1321 πρὸς
786 1237 823 1300 τὸ
846 1242 880 1300 Δ
887 1239 919 1300 Γ
946 1239 1048 1318 λόγος
1078 1236 1147 1303 ἐστὶ

126 1340 253 1415 δοθείς·
277 1339 331 1404 καί
355 1342 410 1404 διὰ
434 1343 471 1406 τὸ
491 1340 524 1424 η’
548 1339 602 1405 καί
626 1350 686 1406 τοῦ
705 1347 774 1406 ΔΒ
797 1342 880 1428 πρὸς
903 1343 941 1406 τὸ
961 1346 1032 1406 ΒΓ
1050 1347 1148 1426 λόγος

126 1443 196 1510 ἐστὶ
219 1446 341 1522 δοθείς.

192 1571 245 1634 47.
283 1572 331 1634 Τὸ
356 1573 415 1635 ΓΑ
443 1573 507 1655 ἄρα
534 1579 595 1635 τοῦ
620 1574 680 1635 ΓΒ
707 1594 738 1656 p.
760 1574 811 1656 18,
831 1570 864 1654 7]
894 1568 965 1635 ἐπεὶ
991 1571 1059 1658 γὰρ
1088 1580 1147 1645 τοῦ

128 1679 188 1740 ΓΛ
211 1680 309 1760 λόγος
332 1676 512 1759 ἀπεδείχθη
535 1676 651 1753 δοθεὶς
673 1678 757 1763 πρὸς
776 1679 813 1741 τὸ
835 1679 907 1760 ΓΒ,
929 1680 1146 1762 προσκείσθω

76 1796 108 1844 15
127 1781 228 1846 πάλιν
255 1785 292 1848 τὸ
319 1782 375 1847 ἀπ’
402 1783 504 1869 ἀρχῆς
527 1779 632 1848 δοθὲν
654 1785 691 1848 τὸ
716 1789 795 1847 ΑΛ·
829 1783 909 1848 ὅλον
932 1783 998 1868 όίροι
1022 1785 1062 1848 τὸ
1087 1785 1146 1847 ΓΑ

128 1887 263 1952 δοθέντι
286 1892 397 1973 μεῖζόν
420 1888 489 1954 ἐστι
513 1897 572 1953 τοῦ
597 1891 659 1954 ΓΒ
682 1888 703 1971 ἢ
727 1888 764 1954 ἐν
786 1892 884 1976 λόγῳ.

193 2012 246 2075 48.
283 2014 331 2076 Τὸ
355 2014 397 2095 δὴ
421 2011 526 2077 δοθέν
548 2012 645 2095 p.18‚
666 2011 722 2095 15]
747 2010 805 2077 ἐὰν
824 2013 887 2097 γὰρ
912 2017 987 2076 ἴσον
1010 2012 1143 2098 ὑπάρχῃ

127 2117 164 2180 τὸ
189 2113 293 2180 δοθὲν
315 2128 360 2205 τῷ
384 2122 461 2200 AB,
484 2119 521 2182 τὸ
545 2118 663 2182 λοιπὸν
686 2119 723 2182 τὸ
748 2120 817 2183 ΒΓ
833 2119 917 2203 πρὸς
939 2118 977 2182 τὸ
1002 2119 1086 2184 αὐτὸ
1108 2119 1144 2182 τὸ

127 2224 195 2284 ΒΓ
216 2222 317 2286 πόλιν
345 2227 446 2305 λόγον
471 2227 536 2306 ἔχει
559 2221 749 2307 δεδομένον.
797 2225 942 2306 δύναμαι
964 2223 1031 2309 γὰρ
1056 2224 1141 2311 αὐτῷ

75 2341 110 2390 20
130 2333 203 2391 ἴσον
226 2332 430 2411 πορίσασθαι
454 2338 499 2417 τῷ
524 2334 585 2416 ἴσῳ
609 2332 707 2415 λόγῳ,
730 2330 776 2405 ὡς
798 2329 835 2394 ἐν
857 2340 928 2404 τοῖς
952 2329 1055 2414 ὅροις.

193 2453 246 2515 49.
279 2454 389 2534 Λόγος
411 2455 475 2539 ἄρα
498 2459 616 2518 λοιποῦ
639 2477 670 2539 p.
691 2454 747 2538 18,
770 2452 828 2537 22]
856 2450 991 2517 δέδοται
1019 2454 1083 2539 γὰρ
1108 2454 1138 2516 τὸ

126 2561 194 2621 ΒΓ
221 2559 278 2621 διὰ
308 2559 345 2623 τὸ
374 2557 407 2622 δ’
431 2559 599 2644 θεώρημα.
650 2557 705 2624 καὶ
734 2556 803 2623 ἐπεὶ
831 2556 965 2623 δέδοται
987 2556 1138 2644 ἑκάτερον

198 2737 240 2785 46.
256 2732 429 2801 PlVat.vpo
440 2732 487 2801 (ad
497 2733 581 2785 finem
590 2731 657 2785 libri
666 2731 805 2800 Pusam,
819 2733 885 2801 post
895 2731 982 2786 schol.
993 2749 1034 2786 nr.
1043 2737 1075 2786 19
1084 2729 1133 2798 Pl).

163 2807 205 2856 47.
224 2805 246 2856 λ.
319 2809 361 2857 48.
381 2803 640 2871 ΡΝοί.νΜοο.ρλ.
714 2807 756 2856 49.
776 2802 1075 2871 Vat.Mon.Ambr.pc.

200 2964 223 3013 1.
240 2959 351 3032 ὁμοίως]
363 2979 415 3016 om.
426 2962 666 3018 Vat.Ambr.ccS.
720 2967 744 3015 3.
761 2959 823 3032 ὅ]σ,
833 2977 886 3015 om.
898 2963 966 3014 cett.
1016 2961 1047 3015 τό
1058 2958 1131 3030 (alm

129 3044 182 3083 om.
203 3046 224 3083 ο.
307 3038 330 3086 5.
350 3042 431 3088 τοῦτο
452 3065 484 3074 -
505 3041 528 3088 6,
550 3035 586 3104 Ρ]
606 3050 659 3087 om.
679 3050 705 3086 v.
787 3039 811 3086 ὅ.
833 3040 915 3086 τοῦτο
934 3031 983 3102 τό]
1004 3048 1056 3086 om
1075 3031 1130 3083 Vat.

165 3106 188 3154 7.
208 3097 291 3172 λέγει]
311 3119 363 3157 om.
383 3122 408 3158 v.
471 3110 495 3158 8.
514 3104 558 3175 τό]
578 3120 630 3159 om.
650 3121 676 3158 ν.
730 3102 879 3173 wopam]
897 3102 1016 3157 καὶτοῦ
1035 3120 1060 3156 ν.
1110 3105 1130 3153 9.

128 3168 193 3242 καί]
212 3172 249 3233 ὡς
268 3193 292 3240 ρ.
384 3180 425 3228 10.
445 3175 510 3245 ΔΒ]
529 3180 579 3228 ΑΒ
597 3174 714 3229 Vama.
802 3179 843 3227 11.
863 3170 913 3228 καί
927 3173 1002 3244 (pr.)]
1022 3191 1073 3228 om.
1090 3188 1130 3237 vp.

163 3243 228 3313 ΔΒ]
247 3247 304 3296 ΔΕ
317 3244 432 3312 Γοὸρο.
490 3252 530 3300 17.
550 3244 625 3313 όποίρ
644 3245 673 3317 p]
692 3243 768 3313 ὅποίρ
787 3263 812 3298 ει
830 3264 854 3312 ρ.
920 3248 963 3298 18.
976 3243 1009 3298 τό
1020 3241 1121 3313 (quint.)

129 3329 181 3368 om.
201 3313 266 3368 Ιελ.
359 3319 400 3368 19.
424 3314 508 3405 λόγον
528 3315 594 3387 ἔχει]
614 3266 645 3370 τδ
663 3314 748 3384 λόγον
768 3266 841 3387 ἔχειν
859 3313 910 3383 Ρρ.
1004 3321 1046 3369 20.
1067 3312 1121 3367 ίσον

130 3381 169 3438 lu
187 3384 225 3439 12.
298 3385 347 3456 τῷ]
367 3384 431 3438 fort.
452 3405 482 3439 εν
500 3391 545 3457 τῷ.
609 3391 647 3458 τῷ
662 3385 711 3459 ἴσῳ
726 3386 809 3459 λόγῳ]
828 3386 893 3448 τοὺς
908 3383 985 3448 ίσονς
999 3384 1095 3454 λόγους
1110 3401 1130 3448 ρ.

113 3460 204 3584 k21.
224 3453 268 3527 τό]
288 3452 330 3510 ὅτι
343 3454 374 3509 τό
394 3471 416 3510 ο.
