2356 3818
566 1009 593 1072 1.

439 1131 492 1196 Ad
513 1154 603 1217 prop.
626 1131 714 1196 XIX.

340 1274 467 1341 Aliter
488 1276 710 1361 propositio
732 1275 817 1339 XIX.

94 1443 96 1446 v
140 1396 195 1464 Sic
224 1421 350 1484 quoque
378 1401 591 1466 demonstrari
613 1405 729 1486 potest.
776 1399 840 1465 sint
867 1405 933 1465 tres
956 1401 1079 1486 magni·

69 1506 203 1570 tudines
226 1510 302 1592 AB,
321 1510 356 1592 Γ,
373 1513 421 1593 A,
443 1512 485 1572 'et
512 1512 592 1594 ΑΒ,
623 1511 808 1593 comparata
835 1529 909 1572 eum
933 1509 972 1592 Γ,
1004 1508 1079 1570 data

71 1611 179 1677 maior
197 1611 240 1676 sit
255 1634 351 1696 quam
369 1614 551 1700 iuratione,
570 1616 602 1678 Γ
615 1618 732 1700 autem,
750 1618 936 1698 comparata
949 1635 1022 1678 uum
1036 1616 1079 1698 A,

75 1719 151 1783 data
175 1718 279 1782 maior
301 1740 398 1803 quam
420 1719 456 1782 in
477 1707 611 1784 ratioue.
657 1720 742 1805 dieo,
769 1719 868 1791 etiam
891 1723 972 1804 AB,
995 1739 1079 1784 eom·

73 1828 222 1908 paratam
245 1847 318 1888 cum
336 1830 378 1911 A,
401 1826 476 1889 data
498 1825 653 1890 maiorem
677 1847 745 1890 esse
770 1849 866 1910 quam
887 1824 1077 1889 iuratione.

722 1954 798 1996 nam
832 1932 984 2016 quoniam
1015 1951 1080 1994 ma

73 2002 600 2108 st-—J-fl——ff
654 2039 788 2124 gnitudo
804 2045 836 2103 A
841 2042 879 2125 B,
894 2041 1079 2123 comparata

76 2179 356 2233 Γμῄ,
653 2167 726 2210 cum
750 2148 784 2229 Γ,
808 2146 883 2210 data
905 2144 1009 2209 maior
1029 2147 1079 2208 est

652 2273 749 2334 quam
770 2252 806 2315 in
828 2253 967 2337 ratione,
994 2250 1079 2315 aufe-

654 2363 745 2422 ratur
778 2359 853 2422 data
889 2357 1077 2444 magnitudo

72 2468 153 2528 AE.
211 2464 321 2549 itaque
362 2465 446 2529 ratio
485 2464 627 2549 reliquae
665 2468 733 2528 ΕΒ
774 2465 813 2528 ad
851 2468 883 2529 Γ
918 2465 993 2527 data
1029 2467 1079 2527 est

74 2569 150 2654 [def.
174 2569 238 2654 11].
284 2593 397 2636 uerum
428 2572 616 2657 magnitudo
646 2574 686 2656 Γ,
717 2573 903 2654 comparata
935 2590 1007 2632 cum
1035 2574 1078 2653 A,

72 2676 148 2740 data
179 2675 282 2741 maior
309 2682 359 2742 est
387 2700 483 2762 quam
510 2677 545 2741 in
571 2676 705 2741 ratione.
756 2696 853 2758 quare
880 2673 978 2739 etiam
1004 2677 1078 2761 ΕΒ,
1138 2676 1140 2683 ’

72 2786 259 2866 comparata
286 2805 358 2848 uum
381 2789 429 2869 A,
460 2784 535 2848 data
562 2783 666 2848 maior
693 2786 743 2847 est
770 2803 867 2865 quam
894 2779 1076 2846 iuratione

72 2887 176 2972 [prop.
191 2887 295 2973 ΧΠΠ.
332 2889 398 2955 iam
421 2889 586 2954 auferatur
609 2890 683 2952 data
706 2887 895 2973 magnitudo
914 2891 986 2951 ΕΖ.
1017 2886 1077 2952 ita·

72 3015 133 3078 que
161 2994 245 3059 ratio
272 2995 415 3079 reliquae
443 3000 504 3060 ΖΒ
532 2996 572 3060 ad
595 3001 627 3059 A
655 2997 730 3060 data
757 2998 807 3059 est
834 2993 908 3078 [def.
934 2992 999 3077 11].
1044 2998 1077 3059 et

71 3100 147 3164 data
169 3092 220 3164 eat
242 3107 274 3165 A
281 3105 308 3164 Z
332 3101 436 3186 [prop.
454 3101 528 3186 IH].
575 3123 652 3187 ergo
676 3101 865 3188 magnitudo
888 3098 971 3185 AB,
993 3120 1078 3165 aom-

70 3211 185 3291 parata
207 3229 280 3272 cum
303 3214 345 3294 A,
368 3209 443 3273 data
465 3209 569 3273 maior
592 3213 641 3274 est
665 3231 761 3292 quam
781 3208 817 3272 in
839 3207 974 3271 ratione.

1073 3392 1112 3479 d

73 2307 435 2356 Aff———t
