2356 3818
576 762 697 858 Ὅροι.

200 940 243 1005 α’.
271 936 475 1023 Δεδομένα
498 947 548 1026 τῷ
572 935 730 1022 μεγέθει
754 935 880 1020 λέγεται
903 939 1007 1023 χωρία
1030 897 1066 1002 τε
1089 936 1151 1004 καί

131 1044 278 1133 γραμμαὶ
301 1043 357 1109 καλ
379 1048 508 1127 γωνίαι,
532 1035 582 1120 οἷς
605 1043 778 1127 δυναίμεθα
802 1048 857 1108 ίσα
879 1045 1096 1129 πορίσασθαι.

198 1151 243 1235 β’.
276 1154 385 1234 Λόγος
416 1152 608 1216 δεδόσθαι
642 1147 782 1235 λέγεται,
818 1143 845 1237 ᾧ
877 1149 1051 1233 δυναίμεθα
1085 1153 1150 1217 τὸν

93 1259 233 1323 σαύτὸν
254 1261 467 1343 πορίσασθαι.

199 1363 242 1448 γ’.
278 1363 511 1450 Εὐθύγραμμα
548 1365 695 1446 σχήματα
730 1370 779 1449 τῷ
816 1362 914 1427 είδει
950 1364 1148 1430 δεδόσθαι

131 1469 269 1557 λέγεται,
293 1465 341 1536 ὧν
364 1471 401 1534 αἵ
421 1493 455 1535 τε
478 1471 596 1553 γωνίαι
615 1465 789 1553 δεδομέναι
808 1468 871 1534 είσὶ
889 1470 971 1534 κατὰ
988 1468 1069 1553 μίαν
1087 1469 1147 1537 καὶ

131 1579 168 1643 οί
188 1581 281 1661 λόγοι
304 1587 371 1642 τῶν
393 1583 547 1662 πλευρῶν
569 1576 652 1661 πρὸς
674 1575 816 1658 ἀλλήλας
840 1574 1021 1660 δεδομένοι.

198 1683 241 1749 δ’.
278 1687 328 1770 Τῇ
356 1681 466 1748 θέσει
495 1683 687 1747 δεδόσθαι
715 1673 872 1763 λέγονταί
889 1683 1005 1766 σημεῖα
1027 1705 1063 1748 τε
1085 1682 1149 1749 καλ

77 1803 112 1851 10
131 1789 277 1878 γραμμαὶ
299 1789 355 1855 καὶ
378 1793 510 1872 γωνίαι,
534 1789 554 1853 δ
577 1790 636 1853 τὸν
658 1788 766 1853 αὐτὸν·
784 1787 834 1853 ἀεὶ
856 1791 958 1854 τόκον
981 1787 1096 1874 ἐπέχει.

197 1895 235 1961 ε’.
272 1897 404 1973 Κύκλος
435 1905 485 1983 τῷ
517 1893 675 1979 μεγέθει
708 1895 898 1960 δεδόσθαι
925 1894 1067 1980 λέγεται,
1101 1892 1149 1964 οὗ

132 2002 264 2068 δέδοται
288 2003 307 2086 ή
331 2001 367 2066 έκ
389 2011 449 2067 τοῦ
472 1999 620 2086 κέντρον
633 2010 679 2089 τῷ
702 2001 844 2086 μεγέθει.
861 1999 928 2084 δέ,

113 2121 117 2129 ’
198 2107 239 2178 ς’.
277 2113 328 2195 Τῇ
351 2106 461 2174 θέσει
488 2104 525 2172 δὲ
552 2106 615 2172 καὶ
638 2117 687 2196 τῷ
710 2106 868 2192 μεγέθει
890 2109 1010 2185 κύκλος
1033 2108 1147 2176 δεδό-

74 2199 76 2205 Ι
129 2221 225 2285 σθαι
253 2213 395 2298 λέγεται,
427 2209 468 2280 οὗ
496 2211 638 2278 δέδοται
654 2215 691 2280 τὸ
719 2211 778 2300 μὲν
804 2214 942 2301 κέντρον
969 2224 1008 2300 τή
1035 2214 1147 2302 θέσει,

77 2333 111 2382 15
132 2321 152 2404 ή
176 2317 213 2385 δέ
236 2320 271 2385 έκ
294 2329 354 2385 τοῦ
376 2317 515 2406 κέντρον
538 2330 584 2408 τῷ
606 2318 748 2405 μεγέθει.

199 2423 237 2504 ζ’.
275 2413 433 2509 Τμήματα
455 2427 586 2491 κύκλων
613 2435 663 2513 τῷ
691 2424 849 2510 μεγέθει
877 2411 1077 2492 δεδόσθαι
1091 2427 1145 2494 λέ-

130 2556 236 2616 γεται,
264 2531 300 2597 ἐν
328 2523 377 2608 οἷς
405 2531 442 2596 αί
465 2534 584 2615 γωνίαι
607 2530 780 2616 δεδομέναι
803 2531 867 2597 είσὶ
894 2531 949 2597 καλ
971 2533 1009 2598 αί
1028 2533 1147 2616 βάσεις

129 2650 198 2704 τῶν
221 2637 397 2723 τμημάτων
419 2648 464 2726 τῷ
487 2637 629 2723 μεγέθει.

196 2742 238 2827 η’.
276 2747 327 2830 Τή
355 2743 465 2810 θέσει
493 2742 529 2810 δέ
557 2742 621 2809 καλ
648 2753 697 2832 τῷ
724 2743 884 2829 μεγέθει
910 2747 1060 2830 τμήματα
1084 2748 1147 2813 δε·

73 2862 110 2912 20
130 2850 150 2914 δ
156 2853 275 2915 όσθαι
294 2850 430 2935 λέγεται,
454 2851 490 2916 έν
509 2843 558 2927 οἷς
577 2851 664 2915 αἵτε
682 2852 800 2933 γωνίαι
819 2851 992 2937 δεδομέναι
1011 2850 1075 2917 είσλ
1094 2863 1142 2943 τῷ

129 2965 340 2974 -...-.-.-.-.

100 3020 105 3029 ’
204 3029 431 3082 ΕΤΚΛΕΙΔΟΤ
447 3028 663 3080 ΔΕΔΟΜΕΝΑ
682 3024 705 3079 Ρ
724 3028 752 3080 et
771 3027 822 3081 atr.
837 3026 921 3081 rubro
935 3026 1013 3095 Vat.;
1037 3026 1143 3083 εόκλεί-

131 3097 184 3151 δον
204 3095 343 3166 δεδομένα
362 3115 380 3152 v
399 3099 428 3151 et
447 3112 503 3150 acc.
524 3113 576 3151 om.
597 3097 627 3167 βς
647 3095 789 3152 εόνλείδον
808 3095 947 3166 δεδομένα
964 3105 1013 3167 τῆς
1030 3096 1148 3163 θέωνος

130 3167 266 3232 ἐκδόσεως
290 3168 317 3224 b.
415 3174 438 3223 1.
464 3165 536 3238 ὅροι]
560 3170 612 3222 atr.
635 3168 719 3223 rubro
741 3187 778 3224 m.
801 3184 855 3225 ree.
878 3168 957 3237 Vat„
986 3184 1040 3222 om.
1064 3168 1142 3242 Ρνβ.

128 3255 259 3294 numeros
279 3257 333 3295 om.
353 3237 434 3294 codd.
460 3303 463 3309 ¹
525 3243 549 3293 4.
571 3237 651 3308 λόγος
668 3237 701 3293 δέ
719 3240 744 3310 β.
837 3245 860 3295 7.
880 3237 950 3295 εἰσίν
968 3240 1026 3309 Pv,
1050 3257 1142 3311 comp.

127 3309 192 3364 vat.
271 3315 296 3366 8.
316 3309 446 3380 ἀλλήλας]
465 3309 623 3379 Gregorius,
643 3331 705 3374 -ονς
724 3311 803 3365 codd.
877 3309 1024 3380 δεδομένοι
1043 3309 1096 3366 εἰσί
1115 3314 1145 3384 β.
