2356 3818
122 132 188 196 240
293 132 422 183 MARINI
439 129 660 181 PHILOSOPHI
678 128 964 181 COMMENTARIUS

123 274 192 341 ἐστὶ
215 276 370 355 σταδίων,
393 271 584 357 κατέλαβον,
607 270 663 337 καὶ
684 280 745 336 τοῦ
768 271 936 357 τριγώνου
960 271 1011 335 ὅτι
1032 271 1067 335 αί
1081 269 1125 334 έν-

122 384 179 458 τὸς
210 380 309 446 δυσὶν
337 380 458 466 ὀρθαῖς
486 386 568 463 ίσαι,
600 377 656 444 καὶ
685 379 735 444 ὅτι
762 379 783 462 ή
812 377 848 442 ἐκ
875 378 939 442 δύο
967 375 1126 460 ὀνομάτων

124 489 244 570 ἀλογός
267 487 364 552 ε’στιν.
401 490 449 552 ἔτι
472 488 538 570 μήν
560 483 616 549 καὶ
637 486 678 549 τά
701 484 813 549 τοιάδε
831 484 984 569 γνώριμα
1002 480 1126 564 λέγεται,

125 596 169 670 ὡς
192 596 229 659 τὸ
252 598 332 677 μίαν
354 588 440 658 εἶναι
464 594 525 676 τήν
543 589 774 676 ἐφαπτομένην
792 599 850 674 τής
868 588 979 666 ἕλικος
997 588 1125 653 ἀπὸτοῦ

90 700 186 778 δέξω
215 698 376 774 δοθέντος
403 701 540 782 σημείου
569 695 621 762 ἐπὶ
648 697 774 781 θάτερα
801 693 894 781 μέρη.
939 698 972 760 εί
997 690 1126 779 γάρκαὶ

126 809 207 889 άλλη
227 812 288 888 είη,
307 806 369 869 δύο
388 805 517 869 εὐθεῖαι
536 807 659 888 χωρίον
677 801 896 887 περιέξουσιν,
915 801 997 887 ὅπερ
1016 799 1125 864 ἀδύνα-

125 936 192 977 τον.
243 915 396 995 άγνωστα
429 909 465 975 δὲ
498 910 538 975 οὐ
571 911 611 974 τά
643 908 747 992 ἀλογά
775 907 879 992 ἐστιν,
916 907 1000 973 ἀλλά
1025 907 1064 970 τά
1088 907 1125 988 μή

126 1020 374 1100 γιγνωσκόμενα
397 1012 479 1099 μηδὲ
502 1017 817 1098 καταλαμβανόμενα
839 1011 902 1098 ὑφ’
923 1013 1025 1097 ήμῶν.

192 1125 334 1206 πόριμον
365 1119 404 1185 δέ
429 1121 533 1203 ε’στιν,
566 1120 583 1184 ὃ
612 1121 753 1186 δυνατοί
777 1119 875 1204 έσμεν
907 1121 972 1202 ήδη
1005 1127 1125 1201 ποιήσαι

75 1239 107 1286 10
126 1227 181 1292 καὶ
217 1229 474 1310 κατασκευάσαι,
514 1226 684 1293 τουτέστιν
721 1230 767 1303 είς
804 1226 956 1291 ἐπίνοιαν
994 1225 1124 1308 ἀγαγεῖν.

126 1335 233 1408 άλλως
256 1331 293 1397 δὲ
315 1334 416 1399 πάλιν
439 1335 603 1419 ὁρίζονται
626 1336 663 1398 τὸ
687 1337 830 1419 πόριμον
847 1335 922 1415 ήτοι
940 1333 978 1396 τὸ
998 1329 1042 1395 δι’
1057 1331 1124 1395 ἀπο-

127 1437 257 1515 δείξεως
273 1442 498 1524 ποριζόμενον,
517 1440 537 1523 ή
556 1441 636 1505 ὅταν
654 1463 686 1504 τι
705 1442 910 1524 φαινόμενον
928 1432 950 1524 ᾖ
968 1436 1024 1502 καὶ
1039 1434 1124 1521 χωρίς

127 1543 333 1622 ἀποδείξεως·
353 1537 426 1610 οἷόν
445 1545 514 1610 ἐστι
532 1548 569 1610 τὸ
588 1545 712 1633 κέντρῳ
732 1543 787 1609 καί
801 1546 999 1629 διαστήματι
1016 1544 1124 1609 κύκλον

128 1652 252 1736 γράψαι
280 1650 335 1716 καὶ
362 1653 399 1716 τὸ
427 1655 591 1736 τρίγωνον
619 1653 849 1734 συστήσασθαι
877 1651 918 1715 οὐ
941 1653 1047 1735 μόνον
1068 1649 1123 1712 ίό-

76 1766 108 1812 15
127 1763 282 1842 πλευρον,
305 1758 388 1822 ἀλλά
406 1756 460 1822 καὶ
479 1761 655 1841 σκαληνόν,
677 1756 732 1822 καὶ
750 1759 811 1840 τήν
830 1756 865 1821 έκ
886 1757 948 1820 δύο
967 1757 1124 1840 ὀνομάτων

128 1864 238 1948 εὑρεῖν
270 1861 325 1928 καὶ
354 1876 441 1948 τρεῖς
469 1864 602 1939 εὐθείας
629 1864 730 1949 ῥητάς
757 1862 897 1946 δυνάμει
924 1865 1030 1946 μόνον
1056 1877 1124 1942 συμ-

127 1968 279 2054 μέτρους·
303 1968 358 2033 καλ
380 1971 421 2033 τά
445 1969 628 2054 ἀπειραχῶς
651 1967 688 2033 δὲ
711 1972 868 2052 γινόμενα
890 1968 1017 2054 πόριμά
1039 1967 1125 2047 ἐστιν,

129 2077 237 2160 ὥσπερ
265 2077 301 2140 τὸ
330 2077 385 2140 διὰ
413 2076 475 2139 δύο
503 2079 647 2159 σημείων
677 2078 800 2140 κύκλον
827 2076 963 2160 γράψαι.
1012 2079 1125 2159 ἀπορον

129 2179 168 2243 δέ
189 2181 258 2244 ἐστι
281 2182 317 2244 τὸ
342 2179 574 2265 ἀντικειμένως
596 2184 682 2264 ἔχον,
706 2182 751 2258 ὡς
769 2181 787 2245 ὁ
805 2190 865 2246 τοῦ
883 2182 1010 2247 κύκλου
1027 2203 1124 2265 τετρα-

76 2294 109 2342 20
128 2290 304 2370 γωνισμός·
338 2288 429 2352 οὔπω
458 2289 521 2372 γάρ
550 2287 639 2352 ἐστιν
667 2287 703 2352 ε’ν
729 2291 837 2376 πόρω,
865 2291 896 2352 εί
921 2286 979 2353 καὶ
1007 2281 1125 2353 οἷόντε

129 2393 209 2456 αὐτὸ
237 2399 440 2477 πορισθήναι
467 2397 525 2457 καί
549 2393 639 2458 ἐστιν
669 2394 854 2476 ἐπιστητόν·
888 2394 1048 2479 ἐπιστήμη
1073 2393 1124 2475 γάρ

129 2499 232 2562 αὐτοῦ
256 2499 347 2562 οὔπω
371 2503 590 2582 κατείληπται.
626 2508 691 2564 νῦν
715 2498 751 2564 δὲ
773 2498 849 2585 περὶ
871 2509 933 2564 τοῦ
956 2503 1021 2584 ήδη
1044 2502 1125 2572 ὄντος

129 2606 165 2670 έν
192 2609 283 2693 πόρω
313 2606 330 2671 ὁ
355 2610 452 2687 λόγος
477 2606 686 2688 ἀποδίδοται,
719 2606 798 2690 ὅπερ
821 2604 877 2671 καὶ
899 2610 1025 2692 κυρίως
1045 2609 1124 2689 πόρι-

129 2736 192 2795 μον
220 2712 487 2796 ἑπονομάζουσιν.
537 2714 574 2776 τὸ
602 2713 665 2796 γάρ
692 2714 788 2795 μήπω
816 2711 856 2776 δν
884 2712 921 2777 έν
948 2716 1055 2800 πόρῳ,
1083 2709 1124 2774 ἐν·

77 2822 110 2869 25
130 2818 308 2899 δεχόμενον
322 2814 359 2880 δὲ
373 2824 576 2902 πορισθῆναι
590 2819 750 2902 ποριστὸν
765 2819 858 2893 ίδίως
871 2819 1123 2905 προσαγορεύου-

130 2938 193 2984 σιν.
230 2923 356 3006 ἀπορον
379 2921 419 2986 δέ
435 2922 534 3005 ἐστιν,
558 2923 602 2997 ὡς
621 2929 756 3008 εῖρηται,
780 2924 816 2986 τὸ
834 2932 881 3010 τῷ
899 2928 1030 3011 πορίμῳ
1050 2923 1123 2988 ἀντι·

129 3029 290 3109 κείμενον,
313 3027 483 3093 τουτέστιν
506 3024 546 3093 οὗ
569 3029 589 3112 ή
614 3031 742 3111 ζήτησις
765 3028 957 3114 ἀδιάκριτός
980 3030 1074 3096 ἐστιν.

196 3132 298 3217 ῥητὸν
317 3130 356 3196 δέ
372 3133 471 3217 ἐστιν,
490 3131 591 3219 οὗπερ
611 3137 727 3218 ἔχομεν
745 3137 848 3199 είπεῖν
862 3135 1007 3219 μέγεθος
1019 3136 1038 3219 ή
1052 3129 1123 3205 εἶδος

202 3331 225 3380 8.
245 3325 434 3395 γινωσκόμενα
453 3326 483 3379 Ρ.
562 3331 602 3379 10.
621 3323 744 3380 τουτέστι
761 3327 857 3380 λαόν,
937 3333 979 3382 13.
1001 3327 1063 3398 ἐστι]
1080 3340 1121 3377 om.

130 3395 194 3450 vat.
264 3403 305 3450 17.
325 3397 483 3464 γιγνόμενα
501 3397 565 3450 Vah.
632 3403 673 3451 21.
695 3396 840 3468 ἐπιστήμη]
860 3395 998 3467 ἐπίοτημα
1016 3417 1040 3452 v.
1089 3397 1121 3445 24·

130 3466 161 3520 τό
183 3499 214 3507 -
234 3472 276 3520 25.
296 3465 339 3537 δέ]
358 3485 412 3535 mg.
432 3484 468 3519 m.
490 3467 627 3535 1P(0m.
644 3467 696 3537 ὅν).
769 3474 810 3523 27.
829 3468 860 3538 ἡ]
880 3485 935 3523 om.
954 3487 981 3524 v.
