2356 3818
372 153 555 205 αεειιαυιε
576 152 820 206 εοΗοιαοιιυα.
1035 151 1100 216 333

157 295 208 358 37.
246 296 294 359 Τὸ
314 300 346 358 Α
369 297 433 382 ἄρα
455 297 539 382 πρὸς
558 296 595 360 τὸ
615 299 643 359 Β
666 319 698 380 p.
717 297 792 380 218,
811 295 846 380 3]
871 297 915 373 ὡς
938 296 1101 363 δέδεικται

90 400 126 465 έν
149 409 195 488 τῷ
220 400 251 470 ς’
271 404 388 489 βιβλίῳ
411 410 472 466 τοῦ
490 401 677 466 Εὐκλείδου
701 400 804 489 ἐντῷ
828 400 882 485 κγ’
899 404 1100 488 θεωρήματι.

157 527 209 591 38.
240 524 338 590 Ἀλλδι
364 523 424 610 μὲν
451 523 507 590 καὶ
534 525 554 608 ἡ
584 529 619 590 Κ
642 550 672 610 p.
692 528 771 610 218,
795 526 830 611 6]
863 525 922 590 έδιν
949 523 1010 591 ὦσι
1038 529 1100 593 δύο

90 632 232 716 εὐθεῖαι,
255 631 310 696 καὶ
333 638 448 717 ληφθῇ
471 651 522 709 τις
544 636 602 717 μία
625 632 789 716 εὐθεῖαί]
813 636 872 717 μία
895 645 962 698 τῶν
985 637 1099 720 πρότε-

90 761 152 824 ρον
179 739 262 824 πρὸς
288 741 350 823 την
377 736 491 825 ἑτέραν
514 742 616 822 λόγον
644 742 708 823 ἔχει
736 740 795 804 τὸν
821 742 1037 823 συγκείμενον
1064 744 1099 806 έκ
1136 753 1152 801 5

89 868 125 909 τε
147 853 208 909 τοῦ
231 844 271 910 δν
294 847 359 928 ἔχει
382 843 402 925 ἡ
425 847 538 931 πρώτη
561 847 643 932 πρὸς
665 847 726 929 τὴν
750 843 885 927 ἔξωθεν,
908 846 953 921 ὡς
976 848 1099 931 ἔτυχεν,

90 956 279 1036 ληφθεῖσαν
302 949 357 1014 καὶ
380 950 420 1015 ὃν
442 951 462 1034 η
486 957 653 1036 ληφθεῖσα
675 953 759 1038 πρὸς
780 954 842 1036 την
865 949 988 1036 ἑτέραν.

158 1076 209 1140 39.
229 1073 263 1140 Ὁ
278 1077 341 1162 ἄρα
358 1079 570 1160 συγκείμενος
587 1101 616 1160 p.
632 1078 707 1161 218,
722 1075 756 1160 8]
775 1088 879 1140 κεῖται
898 1072 935 1140 δέ
954 1077 998 1153 ὡς
1015 1078 1053 1141 τὸ
1067 1083 1100 1140 A

88 1183 172 1268 πρὸς
194 1183 232 1246 τὸ
252 1186 291 1266 Β,
314 1183 420 1260 οὕτως
438 1182 457 1265 ἡ
477 1187 512 1246 K
530 1184 613 1268 πρὸς
632 1188 676 1247 Λ·
700 1184 783 1248 ὥστε
800 1180 856 1247 καὶ
874 1182 894 1264 ἡ
914 1187 949 1246 K
968 1185 1050 1270 πρὸς
1068 1187 1100 1248 Λ

90 1291 191 1370 λόγον
216 1291 281 1372 ἔχει
308 1290 368 1354 τὸν
390 1292 605 1373 συγκείμενον
633 1289 758 1354 ἐκτῶν
780 1295 948 1374 πλευρῶν,
976 1299 1035 1355 τοῦ
1059 1289 1099 1354 δν
1118 1304 1151 1353 10

88 1397 154 1479 ἔχει
176 1395 197 1478 η
222 1398 282 1459 ΓΛ
304 1396 387 1481 πρὸς
409 1400 472 1460 ΕΖ
495 1393 550 1458 καὶ
573 1395 592 1477 ἡ
619 1398 686 1460 ΘΓ
703 1397 785 1479 πρὸς
808 1400 885 1460 ΕΗ.

319 1624 371 1690 Ad
394 1630 504 1709 λῆμμα
526 1634 586 1689 τοῦ
610 1625 719 1690 ἐπάνω
742 1649 773 1710 p.
792 1626 867 1690 224.

154 1750 207 1814 40.
240 1754 320 1824 Πῶς
347 1747 451 1814 δοθέν
480 1748 548 1814 έστι
575 1751 612 1814 τὸ
634 1750 700 1814 ὑπὸ
723 1761 791 1814 τῶν
814 1752 919 1814 ΑΒΓ
942 1749 1098 1834 ἀμβλείας

87 1854 305 1939 ὑποκειμένης
326 1865 384 1939 τῆς
403 1860 432 1920 Β
454 1859 577 1939 γωνίας
599 1855 620 1939 ἢ
643 1853 762 1934 ὀξείας;
797 1857 834 1920 τὸ
858 1856 1041 1940 λημμάτιον
1062 1855 1098 1920 έν

87 1972 133 2050 τῷ
157 1960 242 2027 τέλει
265 1961 425 2048 εὑρήσεις,
449 1963 532 2028 ὅπου
556 1974 690 2046 σημεῖον
713 1963 789 2026 τόδε
812 1987 869 2044 ap.
1117 1977 1149 2026 15

322 2191 374 2257 Ad
397 2215 486 2277 prop.
510 2190 585 2256 XCI
609 2193 783 2256 demonstr.
807 2191 861 2256 alt.
988 2205 990 2208 ⁴

154 2318 206 2382 41.
239 2313 355 2381 Δοθδν
377 2318 442 2403 ἄρα
465 2314 533 2381 ἐστὶ
556 2318 593 2382 τὸ
616 2317 681 2382 ὑπὸ
705 2329 772 2382 τῶν
794 2322 893 2382 ΑΛΖ
919 2343 949 2403 p.
969 2319 1044 2401 226,
1063 2320 1097 2398 9]

88 2421 157 2488 ἐπεὶ
180 2424 244 2509 γὰρ
268 2422 442 2507 δεδομέναι
465 2422 550 2489 είσὶν
572 2427 610 2488 αί
630 2429 710 2507 ΑΖ,
730 2429 805 2507 ΖΛ,
827 2423 883 2488 καὶ
906 2426 965 2506 ὅλη
988 2424 1008 2506 ἡ
1033 2428 1097 2486 ΑΛ

87 2529 221 2595 δέδοται
239 2530 296 2593 διὰ
314 2531 351 2594 τὸ
370 2529 413 2612 γ’·
438 2531 521 2594 ὥστε
539 2528 674 2616 ἑκατέρα
690 2542 759 2594 ’τῶν
777 2536 852 2613 ΑΛ,
867 2535 899 2593 Α
905 2535 932 2594 Ζ
956 2528 1096 2593 δέδοται.
1152 2518 1155 2523 ’

86 2634 142 2700 καὶ
161 2636 274 2718 δῆλον,
298 2635 348 2699 ὅτι
370 2637 407 2700 τὸ
430 2633 488 2700 ὑπ’
509 2635 619 2699 αὐτῶν
637 2638 869 2721 περιεχόμενον
888 2634 1029 2719 δέδοται,
1053 2636 1097 2712 ὡς
1116 2650 1150 2698 20

87 2740 125 2806 έν
147 2753 217 2818 τοῖς
240 2741 343 2827 ὅροις·
372 2743 390 2806 ὅ
412 2764 447 2806 τε
469 2742 532 2827 γδιρ
556 2745 653 2822 λόγος
675 2751 733 2824 τῆς
754 2746 820 2804 ΑΔ
842 2742 924 2827 πρὸς
946 2743 1007 2825 τὴν
1029 2748 1096 2807 ΛΖ

87 2847 235 2933 δέδοται,
259 2848 431 2934 ἐπειδήπερ
456 2844 590 2933 ἑκατέρα
613 2858 680 2911 τῶν
703 2852 778 2930 ΑΔ,
795 2853 829 2911 Δ
835 2853 862 2912 Ζ
886 2847 1017 2913 δέδοται
1041 2850 1097 2913 διὰ

86 2956 123 3019 τὸ
148 2954 193 3038 α’,
215 2953 270 3019 καὶ
294 2957 330 3019 αί
350 2956 469 3038 γωνίαι
492 2951 665 3037 δεδομέναι
689 2955 786 3017 είσίν·
810 2953 912 3039 ὀρθαὶ
935 2956 1007 3042 γάρ.

159 3164 289 3220 37.Pv1‚
354 3169 395 3219 38.
415 3163 698 3231 PlVat.vM0n.0qo.
768 3165 882 3219 39.Pv.
937 3170 979 3220 40.
998 3166 1094 3234 νεαρ.
1161 3191 1164 3197 ·

122 3241 165 3290 41.
185 3235 386 3302 PlVot.vo92.

88 3353 301 3364 -—--——-.

157 3434 182 3483 4.
202 3426 252 3497 μία
266 3430 339 3500 (pr.)]
359 3427 457 3497 μείζων
471 3429 517 3498 Pl,
537 3450 584 3485 -ον
602 3434 625 3484 λ.
701 3427 843 3498 προτέρων
862 3452 886 3497 ρ.
966 3437 1011 3484 u.
1030 3429 1110 3495 MR

88 3515 140 3555 om.
160 3500 240 3555 codd.
298 3501 369 3572 ΘΓ]
390 3505 485 3557 Pom.
501 3500 584 3558 oodd.
657 3508 704 3558 xo.
723 3501 846 3570 ευρήοης
864 3520 892 3565 o.
