2356 3818
134 158 178 223 54
537 164 742 216 AEAOMENA.
767 230 770 237 Ι
811 220 815 226 ,

132 304 256 369 εὐθεῖα.
294 303 352 369 ἐὰν
371 302 407 370 δὲ
427 300 489 371 δύο
508 290 711 434 γραμμαὶτή
726 305 819 371 θέσει
834 304 1011 391 δεδομέναι
1024 305 1142 392 τέμνο-

134 427 190 475 σιν
217 409 374 495 ἀλλήλας,
407 410 539 477 δέδοται
572 413 608 476 τὸ
636 424 808 519 amasiam
818 410 897 477 καθ’
922 412 941 478 δ
967 411 1142 499 τέμνουσιν

132 516 286 599 ἀλλήλας·
320 515 401 582 δοθδ
403 542 423 583 ν
455 520 519 604 ἅμα
543 517 621 583 ἐστὶ
647 520 684 583 τὸ
712 523 754 583 A.
808 522 877 585 ἔστι
905 515 943 584 δὲ
969 518 1028 585 καὶ
1055 522 1142 587 τὸΑ

131 621 243 749 δοθέν.
288 622 418 688 θέσει’
404 625 469 709 ἄρα
492 622 621 688 ἑστὶν“
605 648 631 707 η
649 630 722 689 AA.

70 863 111 911 -5
604 853 667 937 kss'.

193 974 270 1041 Ἐὰν
297 978 344 1052 εἰς
366 980 598 1062 παραλλήλους
624 988 663 1069 τῇ
686 974 780 1043 θέσει
808 977 989 1063 δεδομένας
1012 928 1140 1068 εὐθείας

40 1144 46 1153 ,
78 1137 81 1141 .
131 1081 248 1146 εὐθεῖα
275 1084 406 1168 γραμμή
436 1081 523 1168 ἆχθή
551 1082 731 1168 δεδομένας
757 1093 900 1149 ιιοιοῦσα
926 1089 1070 1171 γωνίαςη
1096 1083 1139 1150 δέ·

130 1186 265 1251 δοται
248 1212 268 1270 η
292 1188 432 1272 ἀχθεῖσα
454 1198 500 1276 τῷ
523 1188 665 1274 μεγέθει.

198 1296 245 1369 εἰς
271 1295 334 1379 γὰρ
361 1254 593 1378 παραλλήλους
619 1305 659 1380 τῇ
687 1294 779 1360 θέσει
808 1294 988 1380 δεδομένας
1012 1298 1139 1373 εὐθείας

79 1404 137 1456 10
132 1399 190 1474 τδις
216 1403 297 1484 ΑΒ,
317 1403 377 1464 ΓΔ
404 1399 520 1465 εὐθεῖα
548 1402 679 1486 γραμμή
707 1402 802 1485 ήχθοι
830 1401 850 1484 A
874 1406 956 1466 ΕΖ
952 1402 1138 1488 δεδομένας

127 1513 270 1570 ποιοῦσα
279 1509 416 1589 γωνίας
436 1507 516 1583 τὰς
520 1507 584 1571 ὑιιὸ
608 1511 717 1590 ΒΕΖ,
736 1512 842 1572 EZA.
888 1506 988 1592 λέγω,
1019 1509 1071 1574 ὅτι
1092 1505 1136 1573 δέ·

129 1612 223 1677 δοται
246 1613 266 1697 A
289 1618 352 1678 ΕΖ
375 1623 421 1703 τῷ
444 1597 587 1699 μεγέθει.

193 1721 346 1804 εἰλήφθω
373 1719 505 1805 γαμέει
506 1718 607 1803 ὶτής
631 1717 696 1806 PA
723 1717 826 1785 δοθὲν
860 1726 998 1804 σημεῖον
1030 1722 1069 1787 τὸ
1095 1720 1133 1801 H,

111 1820 183 1890 ’καὶ
208 1827 264 1891 διδι
286 1835 346 1891 τοῦ
365 1831 405 1903 Η
422 1835 462 1911 νή
480 1830 545 1890 ΕΖ
567 1826 776 1911 παράλληλος
798 1828 893 1910 ήηθω
916 1825 937 1909 A
956 1830 1037 1891 ΗΘ
1075 1820 1159 1892 έκδῖ-

76 1937 109 1986 15
126 1930 336 2018 παραλληλός
359 1931 449 1997 ἐστιν
472 1930 492 2013 A
504 1935 551 1995 H
554 1936 584 1996 Θ
605 1942 644 2016 τῇ
668 1936 731 1995 ΕΖ
754 1930 863 1996 καλέ
832 1935 879 2009 εἰς
901 1932 1004 2010 αὐτὰς
1028 1932 1156 1999 εὐθελι·“

127 2035 335 2121 ἐμπέπτωκεν
358 2036 378 2120 A
399 2040 469 2120 ΓΛ,
493 2043 547 2120 ἴση
571 2039 635 2123 ἄρα
659 2036 748 2102 ἐστὶν
771 2037 879 2128 η’ὑιιὸ
899 2043 996 2102 ΕΖΔ
1019 2048 1060 2125 νή
1077 2035 1132 2103 ὑπὸ

129 2146 239 2207 ΘΗΛ.
296 2145 435 2212 δοθεῖσα
468 2139 507 2207 δὲ
536 2141 739 2226 ήὺιιὸτῶν
766 2130 876 2208 EZA·
910 2145 1052 2211 δοθεῖσα
1078 2146 1132 2231 ἄρα

85 2261 90 2271 ’
126 2246 182 2312 καὶ
214 2247 235 2331 A
267 2249 332 2314 ὑπὸ
366 2253 475 2314 ΘΗΛ.
540 2247 608 2314 ἐιιεὶ
646 2245 708 2316 οὖν
739 2251 822 2336 πρὸς
853 2248 947 2315 θέσει
979 2247 1131 2336 δεδομένη

127 2354 244 2441 εὐθείᾳ
270 2364 310 2439 τῇ
338 2357 371 2418 Γ
366 2361 400 2418 A
431 2352 486 2419 καὶ
518 2364 563 2442 τῷ
592 2356 675 2440 πρὸς
702 2354 785 2440 αὐτή
818 2359 940 2444 σημείῳ
973 2353 1131 2443 δεδομένῳ

76 2466 110 2516 20
128 2469 174 2548 τῷ
192 2463 233 2523 H
250 2459 365 2525 εὐθεῖα
388 2461 519 2546 γραμμή
543 2454 638 2542 ἦκται
661 2458 680 2542 A
700 2463 771 2524 ΗΘ
794 2458 976 2545 δεδομένην
999 2466 1132 2529 ποιοῦσα

44 2618 47 2623 .
71 2624 75 2631 .
125 2569 253 2651 γωνίαν
275 2568 337 2651 τήν
358 2564 424 2632 ὑπὸ
447 2570 558 2649 ΘΗΖ,
581 2564 675 2630 θέσει
697 2567 762 2652 ἄρα
784 2563 874 2631 ἐστὶν
892 2565 912 2648 A
931 2570 1013 2633 ΗΘ.
1043 2564 1132 2636 ,θέσει

73 2690 79 2702 ·
126 2669 163 2737 δὲ
188 2670 243 2737 καὶ
266 2670 286 2754 A
310 2676 385 2737 ΑΒ.
436 2669 540 2737 δοθέν
568 2673 632 2757 ἄρα
660 2670 729 2736 ἐστὶ
757 2671 794 2736 τὸ
820 2676 849 2736 Θ
875 2684 1023 2757 σημεῖον.
1073 2676 1132 2740 ἔστι

126 2776 163 2842 δέ
194 2777 249 2842 καὶ
277 2778 314 2843 τὸ
339 2783 380 2842 Η
403 2776 517 2843 δοθέν.
572 2779 711 2852 δοθεῖσα
738 2779 803 2863 ἄρα
831 2776 921 2843 ἐστὶν
947 2778 968 2861 A
997 2784 1072 2846 ΗΘ
1095 2784 1133 2865 τῷ

125 2882 271 2967 μεγέθει·
299 2887 358 2948 καί
379 2883 469 2949 ἐστιν
493 2889 547 2966 ῖση
570 2893 609 2967 τῇ
628 2888 700 2948 ΕΖ.
743 2885 882 2949 δοθεῖσα
904 2885 969 2970 ἄρα
993 2884 1065 2952 έστλ
1087 2880 1133 2951 αδ

73 2987 146 3071 25A
169 2994 232 3055 ΕΖ
256 3000 301 3078 τῷ
325 2988 467 3074 μεγέθει.

198 3222 261 3270 1.τ
246 3213 336 3284 τέμνω
296 3233 381 3270 νωσιν
354 3211 462 3286 ιν]τέμ
463 3233 560 3270 νονσν
579 3215 608 3269 P.
657 3223 716 3270 ’.6
742 3174 792 3308 εἰς]
811 3216 929 3287 τρόςβ.
1015 3224 1058 3275 10.
1081 3216 1137 3291 τάς]

124 3295 202 3358 τηε.
294 3288 352 3340 14.
360 3284 473 3340 ἐτελ-
493 3291 534 3340 15
555 3287 630 3376 ΗΘ]
650 3282 779 3341 ἐῦνιιελο
763 3217 1153 3362 νήΗΘιταράλληλοςιι.

161 3363 203 3411 15.
224 3357 335 3429 εὐθεῖα]
354 3373 443 3413 omma
500 3363 541 3412 16.
561 3354 751 3429 ἐμπέπτωκεν]
770 3376 809 3411 --τ
828 3375 913 3427 supra
931 3368 1027 3417 εοεηε
1086 3368 1137 3417 m

125 3430 254 3483 EzAa
328 3423 565 3502 EZAEsz.
638 3436 724 3499 ιη-
744 3434 786 3483 ιι
807 3430 1025 3501 mmm.
1099 3436 1142 3487 ιι.

117 3498 221 3570 ΕΗΔ]
236 3507 295 3555 τῶν
315 3502 446 3557 (ma.
522 3497 676 3571 δεδομένην
682 3499 938 3568 εδθμεῖαντήνο
995 3507 1042 3559 θθ.
1061 3504 1138 3559 δεδυ-
