2356 3818
551 125 656 176 DATA.
1048 121 1110 186 117

547 318 665 382 LXIII.

167 437 201 504 Si
222 441 407 527 triangulus
427 442 534 526 specie
553 443 648 507 datus
668 447 726 527 est,
746 444 902 526 quadrata
920 444 956 507 in
974 444 1112 529 siugulis

60 503 257 611 lateribus
272 547 341 611 eius
356 552 544 614 constructa
562 549 604 613 ad
621 548 824 634 triangulum
843 549 1003 613 rationem
1017 549 1113 613 habe-

602 655 684 718 bunt
708 655 825 718 datam.

656 761 699 824 sit
723 760 907 845 triangulus
932 759 1038 844 specie
1061 760 1114 824 da·

599 870 653 929 tus
677 851 792 951 Aur,
819 871 852 931 et
881 870 1113 931 construantur

599 971 635 1035 in
675 973 812 1057 siugulis
849 972 1006 1036 lateribus
1044 971 1113 1036 eius

601 1079 758 1161 quadrata
772 1084 845 1163 ΕΒ,
856 1082 926 1163 ΓΑ,
937 1081 1006 1142 ΓΖ.
1032 1078 1114 1163 dieo,

599 1186 851 1268 unumquodque
919 1186 1124 1267 quadratum-

600 1293 678 1374 ΕΒ,
704 1293 779 1375 ΓΑ,
802 1294 863 1355 ΓΖ
895 1292 936 1354 ad
968 1290 1114 1376 triangu-

600 1395 669 1459 lum
687 1399 793 1460 ΑΒΓ
810 1397 971 1461 rationem
992 1397 1112 1461 habere

604 1503 721 1565 datam.

665 1630 742 1671 nam
768 1607 921 1690 quoniam
944 1608 979 1671 in
1003 1609 1115 1673 eadem

604 1720 693 1778 recta
716 1717 784 1778 ΒΓ
803 1714 967 1797 quaelibet
990 1715 1113 1797 figurae

94 1813 289 1878 rectilineae
322 1815 428 1899 specie
461 1817 555 1881 datae
583 1822 691 1904 ΑΒΓ,
717 1823 778 1884 ΓΑ
812 1820 993 1902 descriptae
1031 1823 1117 1904 suut,

92 1920 187 1985 ratio
215 1924 338 1985 ABP:
354 1925 415 1986 ΓΑ
441 1923 518 1987 data
546 1926 608 1989 erit
636 1925 740 2009 [prop.
760 1925 889 2008 XLIX}
937 1927 1048 1990 eadem
1077 1925 1115 1989 de

93 2049 201 2093 causa
225 2027 325 2091 etiam
347 2029 432 2093 ratio
455 2030 624 2119 utriusque
648 2033 798 2114 quadrati
820 2036 893 2116 ΕΒ,
913 2035 978 2096 ΖΓ
997 2032 1037 2096 ad
1061 2031 1116 2095 tri-

92 2133 260 2218 angulum
283 2139 349 2200 AB
356 2138 388 2199 Γ
406 2136 482 2200 data
505 2141 564 2202 est.

552 2330 667 2396 LXIV.

178 2450 214 2516 Si
250 2452 435 2539 triangulus
473 2455 628 2519 obtusum
668 2455 824 2540 angulum
861 2456 973 2519 datum
1008 2453 1117 2535 habet,
1148 2507 1150 2511 .

95 2558 257 2643 spatium,
276 2581 339 2642 quo
354 2560 549 2642 quadratum
567 2559 680 2625 lateris
695 2561 755 2624 sub
776 2562 894 2624 obtuso
909 2558 1029 2643 angulo
1044 2557 1117 2622 sub·

96 2663 270 2728 tendentis
294 2665 398 2729 maius
423 2670 472 2730 est
496 2668 662 2750 quadratis
685 2667 824 2729 laterum
846 2666 1000 2729 obtusum
1019 2684 1119 2747 augu-

95 2771 174 2834 lum
198 2770 553 2857 comprehendentium,
580 2774 621 2837 ad
648 2771 848 2856 triangulum
877 2770 1037 2834 rationem
1063 2768 1119 2832 ha-

96 2875 197 2940 bebit
221 2875 337 2939 datam.
969 2925 971 2927 .

172 2980 216 3045 sit
239 2980 421 3068 triangulus
447 2984 696 3070 obtusiangulus
720 2986 825 3048 ΑΒΓ
844 2983 998 3047 obtusum
1020 3003 1119 3068 angu-

99 3089 174 3152 lum
197 3090 301 3152 ΑΒΓ
323 3087 447 3153 habens
471 3090 597 3175 datum,
625 3094 657 3153 et
681 3091 880 3174 producatur
902 3089 937 3153 in
960 3089 1119 3153 directum

100 3197 196 3258 recta
219 3196 291 3277 ΒΓ,
305 3180 356 3258 ¹ut
378 3195 436 3258 fiat
459 3199 534 3278 ΒΑ,
563 3199 596 3258 et
620 3196 755 3260 ducatur
778 3195 819 3259 ab
843 3200 876 3258 A
899 3195 939 3259 ad
964 3197 1025 3259 ΓΑ
1049 3215 1119 3276 per-

821 3321 958 3330 ..—.———-

103 3401 141 3439 ex
160 3405 200 3440 ων
219 3403 254 3438 m.
271 3391 299 3454 13
321 3385 384 3458 ἔχον
402 3388 468 3442 Vat.
488 3388 517 3440 et
536 3404 604 3442 corr.
620 3403 654 3440 ex
670 3387 739 3458 ἔχων
752 3406 788 3441 m.
805 3393 820 3440 2
839 3405 870 3454 v3
891 3385 955 3456 ἔχον
969 3378 1075 3453 γωνίαν
1089 3380 1119 3437 b.

96 3456 210 3528 -τῶν]
228 3455 279 3524 τήν
298 3459 408 3528 (comp.)
426 3459 501 3526 Vat,
521 3457 575 3511 del.
594 3476 630 3512 m.
650 3465 674 3512 2.
748 3463 789 3512 23.
809 3449 846 3530 gl]
863 3472 917 3512 om.
935 3454 963 3508 b.
1072 3522 1118 3567 a
