2356 3818
123 139 187 203 124
374 79 380 92 ⁸
525 142 729 194 ΔαΔοΜΕαΑ.

123 284 263 365 άλληλος
294 281 315 364 ἡ
342 287 418 347 ΒΕ.
474 281 529 347 καῖ
562 280 632 348 ἐπεὶ
661 289 714 367 ἴση
743 281 834 348 ἐστὶν
861 282 881 366 η
905 289 971 348 ΑΔ
997 291 1036 369 τῇ
1056 283 1124 348 ΑΓ

124 396 178 472 ἴση
197 391 262 474 ἄρα
281 387 349 453 ἐστὶ
368 387 423 453 καὶ
441 388 542 471 ἡΔΒ
566 399 606 474 τῇ
620 393 696 453 BE.
729 386 785 454 καὶ
803 390 938 473 διῆκταί
953 412 1003 466 τις
1020 389 1109 473 ηΒΓ

123 496 160 560 τὸ
189 497 253 580 ἄρα
279 495 345 559 ὑπὸ
373 506 440 560 τῶν
466 499 570 560 ΔΓΕ
599 496 680 578 μετὰ
707 504 767 559 τοῦ
795 494 858 559 ἀπὸ
886 504 946 579 τῆς
969 499 1035 561 ΒΓ
1061 501 1124 559 ἴσοι

124 599 193 665 ἐστὶ
216 611 261 688 τῷ
286 601 349 665 ἀπὸ
372 610 431 683 τῆς
453 606 524 665 ΒΔ.
571 607 625 683 ἴση
649 598 687 665 δὲ
709 600 729 683 ἡ
753 606 818 665 ΔΑ
841 610 880 687 τῇ
900 604 985 665 ΑΓ·
1013 603 1048 665 τὸ
1070 602 1124 685 ἄρα

89 706 188 772 οάπὸ
217 706 471 792 συναμφοτέρου
497 716 555 789 τῆς
577 709 679 770 ΒΑΓ
707 714 781 772 ἴσον
809 705 877 772 ἐστὶ
905 716 952 794 τῷ
979 707 1044 771 ὑπὸ
1069 715 1124 770 τῶι

124 817 227 878 ΔΓΕ
247 815 328 897 μετὰ
350 822 410 877 τοῦ
434 813 498 877 ἀπὸ
522 823 580 896 της
602 816 683 877 ΒΓ·
712 813 795 877 ὥστε
817 813 855 876 τὸ
879 812 943 877 ἀπὸ
968 829 1124 896 συναμφο-

125 918 223 1004 τέρου
246 928 304 1002 της
326 922 427 984 ΒΑΓ
445 928 505 982 τοῦ
530 918 593 983 ἀπὸ
617 922 761 1001 της-ΒΓ
778 922 889 1003 μεῖζόν
913 918 983 984 ἐστι
1006 928 1049 1007 τῷ
1070 917 1109 981 ὑπ

125 1037 192 1089 τῶν
211 1029 320 1089 ΔΓΕ.

193 1129 277 1212 λέγω
306 1132 363 1214 δη,
397 1131 447 1196 ότι
475 1139 535 1194 τοῦ
562 1129 627 1194 ὑπὸ
655 1139 723 1194 τῶν
745 1133 849 1194 ΑΓΕ
874 1131 957 1215 πρὸς
980 1130 1017 1194 τὸ
1039 1132 1124 1192 ΑΒ-

74 1254 108 1301 10
127 1239 290 1321 τρίγωνον
314 1239 411 1318 λόγος
435 1234 504 1301 ἐστὶ
528 1237 650 1311 όοθεῖς.

195 1340 263 1406 ἐπεὶ
291 1343 354 1427 γὰρ
383 1342 522 1407 δοθεῖσα
549 1341 638 1406 ἐστιν
666 1342 686 1425 ἡ
713 1341 778 1406 ὑπὸ
807 1352 874 1406 τῶν
898 1344 1000 1407 ΒΑΓ
1025 1342 1124 1423 γωνιῖ

127 1446 182 1511 καὶ
206 1448 226 1530 ἡ
250 1446 366 1532 ἑφεξῆς
384 1450 448 1534 ἄρα
467 1447 487 1530 η
506 1447 571 1512 ὑπὸ
591 1458 659 1511 τῶν
676 1453 743 1511 ΛΑ
749 1451 781 1512 Γ
799 1447 868 1512 ἐστι
887 1448 1035 1512 δοθεῖσα.
1069 1448 1124 1510 ἔσ·

129 1550 166 1617 δὲ
193 1551 248 1617 καὶ
276 1552 411 1640 ἑκατέρα
440 1565 508 1618 τῶν
535 1554 600 1618 ὑπὸ
629 1564 697 1618 τῶν
724 1559 790 1617 ΑΛ
796 1556 838 1636 Γ,
861 1559 895 1617 Δ
902 1558 962 1618 ΓΑ
989 1554 1124 1617 δοθεῖσι

128 1659 272 1744 ἡμίσειαι
296 1661 358 1745 γάρ
383 1663 446 1725 εἴσι
470 1669 528 1742 της
549 1660 615 1723 ὑπὸ
639 1670 707 1723 τῶν
726 1663 838 1723 ΒΑΓ·
864 1657 1012 1743 [δέδοται
1034 1659 1090 1741 γὰρ

75 1781 109 1830 -15
128 1767 193 1832 ὑπὸ
217 1767 345 1850 ΒΑΓ]
371 1764 502 1830 δέδοται
526 1767 589 1851 ἄρα
612 1767 649 1830 τὸ
668 1768 773 1829 ΛΑΓ
790 1757 957 1851 τρίγωνον
980 1775 1024 1853 τῷ
1046 1764 1124 1829 εῑόε

129 1876 226 1956 λόγος
254 1875 318 1958 ἄρα
347 1871 416 1938 ἐστὶ
444 1880 502 1954 τῆς
524 1877 589 1935 ΛΑ
617 1872 700 1956 πρὸς
723 1873 784 1954 τὴν
806 1874 878 1935 ΔΓ
901 1872 1026 1947 ὃοθείς·
1057 1870 1124 1934 ὥθ’·

129 1978 183 2043 καὶ
207 1989 266 2043 τοῦ
291 1979 354 2043 ἀπὸ
378 1988 435 2061 της
453 1983 519 2041 ΑΔ
541 1978 625 2062 πρὸς
647 1978 684 2041 τὸ
709 1976 772 2041 ἀπὸ
793 1986 851 2059 τῆς
869 1980 941 2042 ΛΓ
959 1980 1054 2059 λόγος
1069 1973 1124 2040 ἔθ’·

130 2086 252 2159 domis.
302 2082 357 2149 ααῖ
386 2082 455 2148 ἐπεὶ
478 2083 523 2159 ὡς
550 2083 571 2166 ἡ
594 2087 657 2147 ΒΑ
684 2084 767 2168 πρὸς
793 2084 855 2166 τὴν
877 2088 960 2166 ΑΔ,
993 2081 1094 2156 οὕτως

130 2193 198 2254 ΒΓ
216 2191 298 2278 πρὸς
316 2191 377 2273 την
397 2193 467 2272 ΓΛ,
490 2187 562 2254 ἀλλ’
584 2189 629 2265 ὡς
646 2185 708 2272 μὲν
726 2188 746 2271 ἡ
761 2193 825 2272 ΒΑ
841 2189 925 2274 πρὸς
938 2194 1014 2271 ΑΛ,
1037 2187 1124 2252 οὕτω

77 2310 112 2358 20
131 2297 168 2359 τὸ
190 2295 255 2359 ὑπὸ
279 2299 352 2378 ΒΑ,
371 2301 437 2359 ΑΔ
459 2296 542 2380 πρὸς
564 2296 601 2359 τὸ
625 2294 689 2359 ἀπὸ
708 2300 785 2377 ΑΛ,
809 2294 854 2370 ὡς
876 2289 914 2358 δὲ
935 2293 956 2376 ἡ
977 2296 1043 2358 ΒΓ
1057 2285 1124 2374 πρὸ

132 2404 207 2483 ΓΛ,
236 2401 341 2478 οὕτως
368 2401 406 2465 τὸ
433 2401 499 2466 ὑπὸ
527 2412 594 2465 τῶν
617 2403 695 2483 ΕΓ,
719 2404 780 2465 ΓΔ
807 2400 891 2487 πρὸς
917 2401 955 2465 τὸ
983 2399 1045 2464 ἀπὸ
1067 2396 1100 2462 Γ
1091 2391 1124 2469 A:

131 2505 186 2571 καὶ
205 2508 250 2583 ὡς
272 2509 336 2593 ἄρα
355 2508 391 2572 τὸ
410 2507 476 2571 ὑπὸ
495 2517 562 2571 τῶν
580 2511 734 2589 ΒΑ,ΑΔ
756 2507 839 2591 πρὸς
856 2506 894 2570 τὸ
913 2504 978 2570 ἀπὸ
997 2498 1124 2588 τηςΔᾸ,

132 2614 237 2690 οὕτως
264 2615 300 2679 τὸ
328 2614 393 2678 ὑπὸ
421 2624 489 2677 τῶν
511 2615 607 2676 ΕΓΔ
634 2613 718 2697 πρὸς
744 2612 781 2675 τὸ
810 2611 873 2676 ἀπὸ
902 2620 961 2694 τῆς
985 2615 1054 2676 ΓΔ·
1080 2596 1120 2670 καὶ

132 2719 285 2803 ἐναλλάξ,
311 2721 356 2796 ὡς
378 2721 442 2803 ἄρα
465 2719 502 2782 τὸ
525 2717 590 2783 ὑπὸ
614 2729 682 2782 τῶν
705 2721 801 2782 ΒΑΛ
823 2719 906 2802 πρὸς
927 2719 966 2781 τὸ
989 2716 1052 2782 ὑπὸ
1071 2720 1118 2778 τῶν

79 2839 112 2888 25
132 2830 243 2909 ΕΓΔ,
276 2826 381 2900 οὕτως
408 2826 445 2888 τὸ
474 2823 536 2888 ἀπὸ
560 2833 618 2906 τῆς
640 2829 707 2887 ΑΔ
734 2824 817 2908 πρὸς
839 2824 876 2887 τὸ
901 2823 966 2888 ἀπὸ
989 2833 1044 2906 τῆς
1064 2816 1116 2884 ΑΓ.

132 2935 230 3014 λόγος
257 2928 294 2996 δὲ
316 2940 376 2995 τοῦ
400 2930 463 2995 ἀπὸ
487 2939 545 3012 τῆς
567 2936 634 2993 ΑΔ
661 2931 744 3014 πρὸς
766 2930 803 2993 τὸ
827 2928 891 2994 ἀπὸ
914 2938 973 3012 της
996 2931 1064 2994 ΔΓ
1081 2925 1119 2989 ἴα

133 3041 219 3114 θείς·
248 3040 345 3119 λόγος
368 3039 431 3122 ἄρα
454 3034 510 3100 καῖ
533 3045 593 3100 τοῦ
616 3035 681 3100 ὑπὸ
705 3046 772 3100 τῶν
796 3039 892 3100 ΒΑΔ
914 3036 998 3121 πρὸς
1019 3035 1055 3099 τὸ
1074 3029 1121 3097 ὑπὸ

133 3154 200 3207 τῶν
223 3146 320 3207 ΒΓΔ
344 3144 466 3218 ὃοθείς.
513 3147 568 3224 ἴση
591 3138 628 3206 δὲ
651 3142 671 3225 ἡ
694 3147 761 3206 ΛΑ
783 3149 823 3227 τῇ
846 3144 929 3206 ΑΓ·
961 3143 1057 3223 λόγος
1076 3139 1123 3221 ἅησ

141 3270 307 3281 ———--—-

206 3341 229 3389 1.
248 3333 266 3403 η
286 3334 356 3404 ΒΕ]
376 3350 431 3401 mg.
450 3350 486 3386 m.
508 3339 521 3385 1
542 3332 571 3386 P.
645 3339 669 3387 2.
690 3329 826 3403 καῖἴραη
847 3348 931 3402 supra
950 3331 1124 3388 σόλων.

170 3411 194 3460 5.
215 3404 277 3460 ἴσον
295 3436 329 3445 -
348 3410 372 3458 6.
393 3405 495 3471 ΔΓΕ]
515 3402 559 3456 bis
578 3403 607 3457 P.
674 3410 714 3458 12.
736 3402 810 3458 ἐστιν
828 3420 853 3457 v.
921 3401 995 3457 ἔστιν
1012 3419 1038 3457 v.
1096 3404 1124 3455 λλ

130 3475 247 3532 δέδοται
261 3474 315 3548 γὰρ
329 3475 347 3546 ἡ
361 3474 416 3530 ὑπὸ
428 3475 522 3546 ΒΑΓ]
537 3473 626 3528 deleo.
683 3480 724 3529 27.
744 3472 868 3542 λόγος-
879 3478 922 3529 28.
936 3468 1046 3547 ἃοθελς]
1055 3488 1124 3527 om
