2356 3818
105 114 171 178 324
388 117 570 169 neronom
588 117 832 170 scnomonnn.

172 262 202 325 6.
235 265 387 324 Δοθεϊσα
411 257 448 324 δὲ
470 259 490 342 ἡ
513 261 579 325 ὑπὸ
605 265 706 324 ΘΗΖ
729 284 760 345 p.
782 261 855 343 198,
878 261 978 340 8-9]
1009 258 1029 341 ἡ
1053 259 1117 341 γὰρ

106 365 189 430 αατά
212 368 367 453 κορυφὴν
393 367 476 452 αὐτῇ
504 366 524 449 ἡ
553 367 618 431 ὑπὸ
642 371 745 431 BHA
772 366 912 431 δοθείσά
940 365 1046 449 ἐστιν,
1075 367 1120 442 ὡς

105 471 241 556 ἐδείχθη
262 471 425 559 ἀνωτέρω.

312 651 364 714 Ad
385 672 476 735 prop.
499 648 641 714 XXXIV
664 650 838 714 demonstr.
863 650 918 714 alt.

73 785 88 833 5
176 777 204 839 7.
238 773 294 850 Ὡς
321 771 357 838 δὲ
382 774 402 856 ἡ
428 779 493 838 ΘΕ
517 775 600 860 πρὸς
622 777 692 838 ΕΚ
716 797 745 858 p.
766 775 845 859 200,
868 773 903 858 3]
936 773 993 838 διά
1020 775 1058 837 τὸ
1088 772 1121 837 δ’

106 889 166 945 τοῦ
190 880 231 948 ς’·
265 882 423 962 ἰσογώνια
450 881 513 967 γάρ
537 879 605 945 ἐστι
634 879 673 944 τά
697 883 811 964 KZE,
829 885 940 944 ΕΘΗ
963 882 1120 967 τρίγωνα,

107 986 264 1071 ὁμόλογοι
283 988 320 1051 ac
332 986 398 1052 ὑπὸ
412 986 471 1063 τάς
486 993 559 1063 ίσας
576 990 699 1068 γωνίας
717 985 857 1068 πλευραὶ
874 987 1120 1052 ὑποτείνουσαι.

335 1199 387 1263 Ad
409 1221 501 1283 prop.
524 1199 615 1264 XLV
638 1200 813 1264 demonstr.
838 1200 892 1264 alt.

176 1325 205 1388 8.
238 1326 308 1386 Καί
329 1321 397 1387 ἐστι
425 1324 565 1388 δοθεῖσα
586 1324 711 1408 ρ.200,
732 1321 787 1411 12]
816 1321 885 1388 ἐπεὶ
908 1322 971 1409 γάρ
994 1322 1015 1405 ἡ
1039 1325 1121 1409 πρὸς

57 1440 91 1488 10
109 1438 154 1516 τῷ
183 1434 215 1492 Α
244 1431 350 1511 γωνία
378 1427 538 1513 δεδομένη
567 1427 670 1512 ἐστίν,
703 1435 757 1512 ίση
791 1425 827 1493 δὲ
858 1428 878 1511 ἡ
906 1431 990 1513 πρὸς
1017 1439 1062 1518 τῷ
1090 1435 1121 1493 A

109 1546 181 1611 ταῖς
198 1541 241 1618 A,
257 1539 289 1600 Γ
301 1538 447 1620 γωνίαις,
465 1536 485 1618 ἡ
505 1535 596 1612 εἰιτδς
615 1533 692 1600 δνσὶ
710 1546 783 1612 ταῖς
797 1535 889 1611 ἐντὸς
907 1534 962 1600 καὶ
981 1535 1121 1601 ἀπεναν-

110 1645 183 1708 τίον
207 1649 261 1725 ίση
285 1641 389 1726 ἐστίν,
413 1648 481 1707 ίσαι
505 1640 545 1706 δέ
560 1645 623 1707 είσι
646 1640 701 1706 καὶ
720 1644 757 1707 αί
772 1648 815 1725 A,
836 1645 868 1706 Γ
885 1646 1015 1727 γωνίαι,
1039 1645 1121 1708 ὥστε

111 1747 285 1834 δεδομέναι
309 1747 394 1813 είσλν
416 1750 453 1813 at
473 1754 516 1832 A,
536 1752 569 1813 Γ
585 1752 713 1831 γωνίαι.

178 1874 207 1937 9.
226 1872 378 1957 Ἡμίσεια
391 1873 454 1956 γάρ
470 1871 537 1937 ἐστι
551 1874 667 1957 μ200,
680 1872 735 1957 12]
756 1870 824 1937 ἐπεὶ
838 1872 901 1956 γάμ
915 1872 935 1955 ἡ
949 1872 1015 1938 ὑπὸ
1027 1876 1128 1937 ΒΑΓ

59 1989 92 2036 15
113 1985 166 2063 ίση
200 1978 268 2044 ἐστὶ
301 1978 378 2044 δνσὶ
409 1991 482 2055 ταῖς
512 1979 606 2055 ἐντὸς
636 1977 691 2043 καὶ
723 1978 923 2044 ἀπεναντίον
953 1991 1026 2056 ταῖς
1056 1979 1122 2044 ὑπὸ

111 2089 221 2169 AAF,
239 2090 339 2151 ΔΓΑ
362 2092 449 2161 ίσαις
473 2087 588 2162 οὔσαις
610 2085 781 2170 ἀλλήλαις,
804 2085 824 2167 ἡ
847 2085 912 2150 ὑπὸ
935 2090 1040 2151 ΑΛΓ
1058 2088 1122 2172 ἀρα

111 2192 242 2276 ἡμίσειά
265 2190 333 2256 ἐστι
356 2201 413 2274 τῆς
436 2191 500 2256 ὑπὸ
524 2196 628 2257 ΒΑΓ.

333 2401 385 2468 Ad
406 2426 498 2487 prop.
521 2402 627 2468 XLVI
650 2404 825 2469 demonstr.
849 2404 904 2468 alt.

180 2529 231 2593 10.
269 2529 339 2591 Καί
363 2526 453 2592 ἐστιν
484 2527 586 2611 αὐτῆς
618 2528 717 2611 διπλη
751 2552 781 2612 p.
800 2530 879 2614 202,
902 2528 938 2613 5]
973 2534 1027 2612 ίση
1061 2529 1123 2612 γάρ

59 2645 94 2692 20
113 2635 204 2701 ἐστιν
226 2634 246 2716 ἡ
270 2635 353 2721 πρὸς
375 2643 420 2722 τῷ
443 2640 477 2698 A
503 2637 608 2716 γωνία
635 2644 674 2720 τῇ
697 2637 780 2721 πρὸς
802 2644 847 2722 τῷ
873 2638 917 2700 Γ·
951 2638 1020 2700 ἔστι
1044 2633 1124 2717 δδη

113 2742 178 2807 ὑπὸ
202 2746 303 2806 ΒΑΓ
326 2739 404 2805 δνσὶ
427 2752 498 2817 ταῖς
521 2741 613 2817 ἐντὸς
640 2739 695 2806 καὶ
718 2741 917 2807 ἀπεναντίον
940 2747 1008 2824 ίση·
1042 2743 1126 2806 ὥστε

186 2938 209 2986 6.
230 2932 282 3000 Pz;
303 2932 483 2986 coniunctum
500 2951 523 2988 e.
543 2952 583 2988 nr,
603 2939 620 2986 4
638 2934 754 3002 Vetop.
817 2942 840 2989 7.
860 2953 883 2987 τ.
946 2941 971 2989 8.
990 2933 1125 2988 PlVat.v

114 3003 280 3070 Monopto.
354 3004 492 3059 nnmbr.
566 3010 608 3060 10.
628 3024 650 3060 z.

187 3186 211 3234 1.
231 3179 296 3253 γάρ]
317 3199 404 3249 omo.
460 3187 484 3235 2.
503 3181 644 3252 κορυφήν]
663 3201 697 3236 νο
711 3180 814 3233 lacuna
828 3179 928 3234 relicta
943 3199 966 3235 z.
1023 3182 1124 3254 αὐτήν]

116 3251 187 3320 αάτή
205 3272 229 3321 ρ.
302 3250 422 3307 δοθεῖσά
441 3251 526 3324 ἐστιν]
546 3250 660 3307 δέδοται
678 3271 700 3307 z.
773 3252 821 3322 ὡς]
841 3249 890 3306 καί
907 3271 932 3320 ρ.
1008 3258 1032 3307 3.
1051 3254 1125 3308 ἀνω-

114 3321 197 3449 τέρω]
222 3340 274 3377 om.
295 3342 321 3393 z,
350 3324 490 3391 ἀνώτερον
514 3345 538 3391 ρ.
631 3328 672 3378 10.
697 3319 834 3391 δεδομένη
859 3321 944 3395 ἐστίν]
968 3324 1039 3379 haec
1061 3326 1127 3394 post

100 3392 159 3463 γοίρ
199 3395 246 3452 ab.
269 3414 293 3452 τ.
370 3391 457 3470 ἐστίν]
477 3411 530 3450 om.
544 3393 564 3450 l.
637 3400 677 3447 12.
697 3393 755 3465 ίση]
774 3392 832 3447 ίσαι
850 3411 872 3447 ο.
947 3395 1013 3468 εἰσι]
1033 3413 1085 3450 om.
1103 3414 1124 3450 o.

127 3472 167 3537 Δ,
183 3470 232 3543 Γ]
253 3474 284 3542 Γ,
300 3477 331 3528 A
349 3488 371 3529 c.
451 3474 497 3528 ιε.
517 3469 557 3544 Δ]
575 3467 711 3536 εοεαε.
