2310 3802
434 134 435 138 ’
496 132 659 184 SOHOLIA.
1018 128 1083 192 285

118 278 186 342 97.
223 272 290 340 Καὶ
313 275 358 351 ώς
380 277 631 361 συναμφότερος
654 276 718 361 ἄρα
741 273 761 357 ἡ
784 277 885 338 ΒΑΓ
901 297 932 358 p.
953 275 1006 359 82,
1024 273 1082 358 23]

40 385 94 462 bg
134 383 210 468 γὰρ
244 381 281 446 ἓν
308 391 376 446 τῶν
402 378 597 464 ἡγουμένων
627 382 711 468 πρὸς
742 382 780 445 ἓν
808 392 876 445 τῶν
905 377 1084 464 ἑπομένων,

40 491 175 566 οὕτως
198 488 328 552 ἅπαντα
351 487 391 551 τδι
414 486 582 571 ἡγούμενα
608 488 691 572 πρὸς
714 488 843 552 ἅπαντα
869 487 910 550 τὰ
933 484 1083 570 ἑπόμενα.

424 645 478 711 Ad
499 669 590 731 prop.
614 645 728 712 XLVI.

130 755 191 819 98.
221 750 298 817 Ἐὰν
320 754 383 838 γὰρ
407 753 573 839 τριγώνου
596 755 702 835 γωνία
725 753 801 837 δίχα
824 757 946 837 τμηθῇ,
969 752 1009 816 τδι
1027 759 1085 834 τῆς
1122 761 1135 808 5

44 861 199 948 βάσεως
215 867 275 923 τοῦ
289 859 456 944 τριγώνου
471 860 530 924 τὸν
545 859 648 924 αὐτὸν
662 857 725 936 ἕξει
740 861 842 940 λόγον
856 868 928 934 ταῖς
941 865 1001 921 τοῦ
1015 879 1085 943 τρι-

47 969 183 1052 γώνου
206 970 373 1051 πλευραῖς.

466 1052 519 1117 Ad
540 1076 632 1138 prop.
655 1053 690 1118 L.

136 1161 192 1226 99.
223 1158 321 1226 Ὥστε
352 1158 408 1225 καὶ
439 1168 498 1244 τῆς
528 1165 595 1224 ΑΒ
626 1183 657 1244 p.
681 1161 736 1241 92,
761 1160 795 1245 6]
833 1160 901 1226 ε’τιελ
934 1161 997 1247 γὰρ
1029 1169 1087 1243 τῆς

60 1273 137 1335 ΑΒ
166 1269 249 1354 πρὸς
275 1269 337 1351 τὴν
360 1270 420 1331 ΓΔ
447 1269 545 1349 λόγος
572 1264 641 1331 ἐστὶ
668 1268 798 1350 δοθείς,
825 1269 894 1332 ἔστι
922 1263 959 1331 δὲ
985 1264 1040 1331 καὶ
1068 1266 1135 1331 ὁΙῦ

64 1383 129 1458 τῆς
159 1378 219 1439 ΓΛ
248 1374 332 1459 πρὸς
359 1374 420 1456 τὴν
447 1377 487 1436 Η
514 1375 613 1455 λόγος
640 1374 768 1456 δοθείς,
800 1374 904 1457 δῆλον
931 1375 1010 1459 ἄρα,
1042 1373 1087 1450 ώς

66 1477 127 1544 καί
151 1479 169 1544 ὁ
193 1482 406 1563 συγκείμενος
428 1477 463 1552 ἐκ
486 1490 553 1543 τών
573 1479 635 1543 δύο
654 1477 827 1544 δοθέντων
845 1482 955 1563 λόγων
973 1480 1088 1556 δοθείς

71 1585 142 1650 ἐστι
166 1588 276 1667 λόγος·
305 1583 325 1667 ἣ
349 1582 404 1648 καὶ
428 1585 484 1648 διὰ
506 1586 543 1649 τὸ
566 1583 611 1668 η’,
635 1583 652 1648 ὃ
676 1581 731 1648 καὶ
754 1583 895 1667 βέλτιον.

144 1701 214 1765 100.
248 1697 304 1775 Ὡς
331 1695 369 1763 δὲ
395 1698 416 1782 ἡ
439 1703 506 1763 ΑΒ
534 1722 567 1783 p.
588 1701 640 1783 92,
665 1698 698 1783 7]
732 1700 777 1774 ώς
804 1700 866 1784 γὰρ
894 1698 915 1782 ἡ
943 1698 977 1763 α’
1004 1700 1088 1785 πρὸς

74 1807 135 1890 τὴν
157 1804 203 1889 γ’,
227 1805 333 1882 οὕτως
350 1807 387 1869 τὸ
407 1804 471 1870 ἀιιδ
489 1815 549 1889 τῆς
566 1803 601 1870 α’
624 1801 713 1882 εἶδος
734 1805 818 1890 πρὸς
836 1806 873 1869 τὸ
892 1804 956 1869 ἀπὸ
975 1814 1034 1888 τῆς
1051 1804 1085 1888 β’
1106 1823 1135 1870 15

76 1914 110 1978 τὸ
134 1913 251 1997 ὅμοιον
272 1909 328 1975 καὶ
351 1911 473 1995 ὁμοίως
496 1909 797 1996 ἀναγεγραμμένον.

453 2069 506 2134 Ad
527 2092 618 2154 prop.
641 2069 709 2134 LII.

143 2180 217 2244 101.
254 2176 399 2242 Λέδοται
431 2178 495 2263 ἄρα
527 2178 564 2241 τὸ
592 2181 658 2241 AZ
690 2200 721 2261 p.
746 2178 802 2262 94,
827 2177 888 2261 14]
924 2185 992 2242 πᾶν
1024 2179 1087 2264 γὰρ

71 2285 283 2372 τετράγωνον
301 2282 405 2349 δοθέν
425 2282 494 2348 ἐστι
515 2293 560 2371 τῷ
580 2285 661 2349 είδει
685 2284 741 2348 διὰ
759 2285 796 2349 τὸ
814 2283 870 2349 καὶ
889 2285 948 2360 τὰς
965 2287 1089 2367 γωνίας

147 2430 189 2479 97.
208 2422 370 2476 plores.
439 2427 481 2476 98.
500 2423 571 2477 on.
641 2428 683 2477 99.
702 2423 1086 2490 Ρλλίολ.νΜοω.Αωλ)ε.ρλο.

109 2493 257 2550 100.Ρ1σ.
349 2498 408 2546 101.
432 2492 795 2561 ΡΝολ.νΜοιι.Αωοτ.σρ.
833 2492 894 2547 Lin.
915 2499 957 2547 18.
976 2501 1034 2547 πᾶν
1055 2525 1087 2532 -

72 2585 100 2637 p.
115 2571 178 2633 286,
198 2570 215 2618 4
234 2563 301 2619 ίσων
319 2581 373 2618 om.
411 2561 465 2632 γάρ
483 2563 532 2618 lin.
553 2569 587 2618 18
607 2567 636 2618 et
653 2569 691 2636 τῷ
710 2563 780 2617 είδει
798 2563 846 2617 lin.
868 2569 909 2631 19,
936 2567 1001 2632 post
1020 2562 1087 2618 ίσων

74 2639 173 2692 autem
195 2636 259 2691 add.
280 2638 409 2704 μεγεθῶν
432 2634 463 2687 in
481 2634 588 2689 PlVat.
607 2634 722 2702 iterum,
747 2633 811 2686 ino
833 2633 955 2702 primum
976 2633 1030 2702 leg.
1050 2634 1088 2686 ad

71 2709 161 2762 finem
178 2706 245 2760 libri
262 2709 328 2775 post
346 2704 433 2761 sohol.
453 2723 493 2760 nr.
513 2711 556 2774 55,
576 2705 625 2758 ubi
644 2706 800 2772 sequuntur
818 2705 900 2759 haec:
926 2705 975 2758 καλ
993 2702 1088 2773 πάλιν,

74 2777 128 2834 ἐὰν
150 2777 206 2832 ὑπὸ
229 2778 281 2831 δύο
301 2779 442 2832 δοθεισῶν
462 2779 582 2831 εόθειών
601 2773 704 2847 χωρίον
722 2794 757 2829 τιε
776 2773 883 2845 ιέχηται
902 2775 1088 2843 ὀρθογώνιον,

74 2845 168 2905 δοθέν
191 2847 247 2901 ἐστι
270 2847 301 2902 τὸ
321 2846 423 2918 χωρίον
446 2847 496 2902 διὰ
515 2848 546 2903 τὸ
565 2848 614 2902 καὶ
632 2846 683 2909 τδις
700 2795 804 2916 γωνίας
827 2847 913 2901 αὐτοῦ
937 2846 1086 2901 δεδόσθαι·

74 2928 166 2975 στᾶσαι
188 2917 241 2987 γώρ
261 2918 331 2973 εἰσιν
355 2917 454 2986 ὀρθαί·
483 2920 532 2975 τιαλ
554 2920 619 2981 τοὺς
642 2919 741 2988 λόγους
764 2915 795 2972 δὲ
816 2921 1016 2986 τῶνπλευρῶν
1040 2917 1088 2973 διὰ

73 2991 107 3046 τδ
126 2989 158 3044 α’
177 2990 321 3059 θεώρημα.

148 3126 173 3176 ὅ.
193 3120 258 3194 γάρ]
278 3139 331 3177 om.
346 3141 369 3176 z.
424 3123 531 3194 τμηθῇ]
551 3122 617 3176 hino
635 3142 649 3175 z
669 3124 739 3177 hoeo
752 3123 853 3178 habet:
872 3121 936 3193 ἡδὲ
950 3122 1089 3192 τέμνουσα

74 3195 127 3265 τὴν
151 3190 258 3263 γωνίαν
281 3195 381 3248 εὐθεῖα
403 3190 489 3264 τέμνῃ
512 3194 561 3248 καὶ
583 3194 635 3263 τὴν
654 3192 749 3265 βόσιν,
772 3193 809 3248 τὰ
830 3203 879 3249 τοῦ
899 3195 959 3264 (sio)
983 3193 1090 3266 βάσεως

74 3265 205 3336 τμήματα
224 3262 366 3334 όινοίλογόν
385 3263 442 3319 ἐστι
459 3273 521 3327 ταῖς
538 3268 649 3327 λοιπαῖς
667 3269 704 3318 τώ
722 3266 846 3334 τριγώνω
865 3264 926 3335 (sio)
949 3269 1088 3333 πλευραῖς.

113 3342 138 3391 6.
157 3342 207 3389 τοῦ
223 3336 295 3407 (pr.)]
316 3353 368 3390 om.
389 3335 469 3390 oodd.
536 3342 560 3390 9.
579 3337 640 3408 τῆς]
659 3319 708 3405 PL,
729 3335 744 3390 δ
762 3344 812 3405 τῆς
829 3321 895 3390 ooth.
964 3343 1005 3390 10.
1025 3336 1089 3408 τήν]

74 3406 107 3462 τό
126 3424 153 3460 v.
227 3411 268 3460 13.
288 3405 337 3461 καί
351 3406 433 3478 (alt.)]
453 3424 542 3476 oomp.
561 3406 635 3476 vat„
654 3405 784 3476 κείμενον
803 3427 826 3475 ρ,
900 3412 941 3460 1⁵.
961 3407 1002 3477 γ’]
1021 3407 1051 3478 β’
1070 3409 1088 3462 l.

113 3482 155 3531 18.
175 3475 249 3530 Anto
267 3485 326 3534 πᾶν
344 3478 409 3532 odd.
429 3477 547 3548 σχόλιον.
566 3479 596 3532 P.
671 3484 712 3532 19.
732 3475 797 3549 καί]
817 3493 870 3531 om.
890 3478 985 3533 Ambr.
