2356 3818
121 107 168 171 24
528 108 732 165 AEAOMENA.

123 252 199 333 ήτοι
223 256 297 316 ι”σον
321 250 426 333 ἐστίν,
451 248 471 332 ή
494 252 532 315 τὸ
555 248 669 334 ἕτερον
692 257 751 313 τοῦ
775 246 889 334 ἑτέρου
912 246 1059 315 δοθέντι
1081 260 1146 335 μιτ-

126 359 184 433 ζόν
207 355 308 423 ἐστιν.

194 460 263 526 ἐπεὶ
292 463 355 548 γὰρ
385 461 490 527 δοθέν
513 462 604 527 ἑστιν
628 459 784 547 ἑκάτερον
806 471 873 525 τῶν
896 463 976 545 ΑΓ,
994 464 1083 546 ΒΔ,
1108 460 1145 527 ιδ

125 569 169 651 δή
193 566 338 633 δοθέντα
361 570 434 651 ήτοι
458 574 514 633 ἶσοι
537 565 627 633 ἐστὶν
650 566 671 650 ή
694 569 802 632 ἀνισοι.
934 610 938 615 -

88 688 107 734 ο
194 677 276 739 ἔστω
299 677 462 760 πρότερον
487 680 556 739 ἴσα·
580 679 654 739 ἴσον
677 675 742 757 ἀρα
762 670 831 738 ἐστὶ
853 673 892 736 τὸ
910 675 983 737 ΑΓ
1002 682 1051 761 τῷ
1077 677 1145 740 ΒΔ.

123 781 240 846 κοινὸν
264 780 451 866 ἀφῃρήσθω
475 782 512 844 τὸ
535 783 615 845 ΒΓ·
649 780 767 844 λοιπὸν
793 780 856 864 ἀρα
879 779 917 843 τὸ
940 782 1010 843 AB
1039 784 1143 867 λοιτῷ

123 895 170 973 τῷ
195 889 256 950 ΓΔ
280 892 355 951 ι’σον
377 885 477 952 ἐστίν.
977 872 981 879 ’

191 993 236 1076 μή
260 995 342 1057 έστω
367 978 408 1075 δή
428 998 493 1075 ἴσα,
517 989 589 1055 ἀλλ’
611 994 693 1056 ἔστω
717 995 828 1075 μεῖζον
846 992 935 1055 τὸ·Α
941 992 973 1056 Γ
992 1000 1056 1057 τοῦ
1073 996 1144 1074 ΒΔ,

125 1096 182 1161 καὶ
210 1101 335 1162 κείσθω
364 1106 410 1184 τῷ
434 1102 500 1163 ΒΔ
529 1104 604 1162 ἴσον
631 1099 668 1162 τὸ
697 1101 773 1162 ΓΕ·
807 1093 911 1162 δοθὲν
939 1093 976 1162 δὲ
1001 1098 1042 1162 τὸ
1066 1102 1144 1165 ΒΔ·

75 1215 109 1263 10
128 1198 234 1267 δοθὲν
266 1204 331 1287 ἀρα
361 1200 417 1267 καὶ
449 1205 487 1268 τὸ
516 1206 587 1269 ΓΕ.
642 1206 712 1268 ἔστι
744 1200 781 1268 δὲ
811 1201 867 1267 καὶ
899 1203 979 1269 ὅλον
1013 1205 1052 1269 τὸ
1081 1204 1148 1270 ΑΓ

126 1305 245 1373 δοθέντ
268 1305 324 1372 καὶ
348 1309 466 1373 λοιπὸν
488 1310 525 1374 τὸ
544 1316 577 1373 Α
583 1314 615 1374 Ε
637 1308 740 1374 δοθέν
761 1308 861 1374 ἐστιν.
895 1306 953 1373 καὶ
975 1308 1050 1376 ἐπεὶ
1073 1316 1143 1376 ἴσον

125 1411 197 1478 ε’στὶ
220 1414 257 1477 τὸ
276 1416 345 1478 ΕΓ
363 1423 408 1502 τῷ
428 1419 501 1498 ΒΔ,
523 1417 639 1480 κοινὸν
658 1414 845 1500 ἀφῃρήσθω
864 1415 901 1479 τὸ
919 1417 1002 1479 ΒΓ·
1027 1417 1145 1482 λοιττάν

125 1521 191 1606 ἀρα
213 1519 251 1584 τὸ
270 1523 336 1587 ΒΕ
356 1525 460 1608 λοιπῷ
484 1530 529 1609 τῷ
549 1524 610 1584 ΓΛ
634 1526 708 1585 ἴσον
731 1521 830 1586 ἐστίν.
866 1523 925 1584 καί
945 1519 1019 1586 ἐστι
1042 1518 1145 1589 δοθὲν

129 1627 168 1690 τὸ
191 1631 275 1691 ΛΕ·
299 1627 336 1692 τὸ
359 1631 426 1691 AB
449 1628 514 1712 ἀρα
536 1636 597 1691 τοῦ
622 1609 692 1691 ΓΔ
706 1628 843 1691 δοθέντι
865 1628 977 1710 μεῖζόν
1000 1626 1107 1693 ἐστιν.

74 1884 109 1932 15
609 1873 665 1956 ιγ’.

191 2012 269 2078 Ἐἀν
296 2008 317 2098 ᾖ
345 2016 420 2099 τρίοι
448 2013 587 2097 μεγέθη,
619 2012 674 2077 ιιιά
701 2016 738 2078 τὸ
761 2010 823 2098 μὲν
844 2024 978 2099 πρῶτον
1000 2016 1090 2101 πρὸς
1110 2016 1146 2081 τ“ο

126 2120 286 2204 δεύτερον
318 2121 419 2200 λόγον
451 2121 507 2203 ἔχῃ
528 2118 735 2203 δεδομένον,
766 2120 804 2184 τὸ
832 2117 869 2184 δὲ
897 2119 1060 2205 δεύτερον
1087 2128 1147 2187 τοῦ

125 2227 242 2311 ’τρίτου
270 2221 407 2288 δοθέντι
434 2227 544 2305 μεῖζον
570 2218 591 2310 ᾖ
619 2224 639 2307 ή
667 2225 704 2290 έν
732 2228 834 2312 λόγῳ,
866 2222 921 2290 καὶ
948 2226 987 2290 τὸ
1009 2237 1147 2312 πρῶτον

127 2337 189 2393 τοῦ
213 2332 326 2414 τρίτον
351 2327 487 2394 δοθέντι
510 2333 620 2413 μεῖζον
644 2333 734 2395 ἔσται
757 2329 777 2414 ἢ
801 2331 838 2397 έν
861 2333 957 2418 λόγῳ.

70 2447 109 2496 20
195 2437 277 2498 ἔστω
301 2439 376 2521 τρία
398 2434 522 2520 μεγέθη
546 2437 587 2499 τά
609 2440 686 2520 AB,
706 2439 777 2520 ΓΛ,
795 2440 835 2520 Ε,
858 2433 913 2500 καὶ
935 2436 972 2499 τὸ
996 2432 1061 2520 μὲν
1079 2441 1147 2503 ΑΒ

124 2541 210 2628 πρὸς
232 2541 270 2605 τὸ
289 2544 351 2605 ΓΔ
373 2544 475 2624 λόγον
498 2540 595 2625 ἐχέτω
620 2541 810 2626 δεδομένον,
832 2543 870 2606 τὸ
894 2537 931 2605 δὲ
950 2543 1012 2606 ΓΛ
1034 2552 1099 2609 τοῦ
1116 2548 1149 2609 Ε

126 2645 265 2712 δοθέντι
288 2650 398 2732 μεῖζον
421 2651 503 2712 ἔστω
527 2646 547 2729 ή
571 2645 607 2711 έν
631 2650 732 2735 λόγῳ·
757 2646 853 2732 λέγω,
876 2648 926 2713 ὅτι
944 2644 1001 2711 καὶ
1019 2649 1059 2714 τὸ
1079 2652 1147 2715 ΑΒ

126 2762 187 2817 τοῦ
211 2758 243 2818 Ε
263 2749 399 2818 δοθέντι
422 2753 533 2835 μεῖζόν
556 2750 648 2815 ἐστιν
671 2750 691 2833 ή
715 2751 752 2816 ἐν
775 2755 873 2839 λόγῳ.

195 2856 264 2922 ἐπεὶ
287 2859 351 2941 γὰρ
375 2858 412 2921 τὸ
432 2860 493 2920 ΓΛ
516 2865 576 2920 τοῦ
599 2861 631 2920 Ε
652 2856 789 2922 δοθέντι
813 2860 923 2942 μεῖζόν
946 2856 1039 2923 ἐστιν
1063 2857 1086 2943 ή
1110 2859 1148 2925 ἐν

72 2975 110 3025 25
130 2966 233 3050 λόγῳ,
266 2962 454 3047 ἀφῃρήσθω
482 2963 520 3028 τὸ
548 2960 653 3028 δοθὲν
680 2962 821 3047 μέγεθος
848 2965 885 3030 τὸ
914 2966 989 3030 ΓΖ·
1023 2969 1147 3032 λοιποῦ

124 3125 339 3137 ...α-...-

201 3229 225 3278 3.
244 3224 313 3278 Post
332 3221 393 3277 ἐπεί
410 3240 464 3277 ras.
484 3222 574 3277 311τι.
594 3242 619 3278 v.
711 3231 736 3280 4.
756 3226 853 3297 ἀνισα]
873 3224 906 3280 οά
925 3241 950 3280 ο.
1045 3231 1069 3281 7.
1091 3224 1148 3283 ἐστί

128 3296 210 3351 codd.
249 3328 252 3335 ,
297 3299 321 3348 8.
345 3293 415 3348 ἀλλά
434 3311 460 3349 ο.
546 3303 595 3349 τοῦ
615 3297 674 3367 ΒΔ]
699 3313 751 3350 om.
772 3314 797 3351 ο.
889 3301 930 3350 11.
954 3296 1021 3369 ΑΕ]
1041 3300 1097 3353 ΕΑ
1119 3316 1145 3353 ο.

166 3372 208 3421 14.
226 3364 258 3419 τό
269 3365 352 3437 (alt.)]
370 3370 408 3437 τῷ
426 3366 490 3420 Vat.
564 3371 605 3419 16.
626 3364 689 3438 μέν]
709 3384 762 3421 om.
783 3370 807 3438 β.
873 3373 914 3421 20.
934 3364 1057 3441 μεγέθη]
1077 3386 1147 3425 corr.

127 3454 165 3493 ex
182 3433 297 3507 μεγέθει
316 3454 352 3490 m.
368 3441 383 3490 2
402 3455 428 3491 v.
486 3434 532 3509 τά]
553 3453 620 3491 corr.
641 3454 674 3492 ex
693 3439 724 3492 τό
742 3439 890 3493 m.2Vat.
956 3443 999 3493 22.
1022 3438 1103 3497 ἔσται
1119 3458 1147 3495 τ.
