2356 3818
453 158 457 166 -
528 135 733 206 uuuouuuu.
830 116 834 122 ’

611 296 651 361 λ’.
993 354 1003 363 ,.

190 418 267 484 Ἐίιν
295 418 358 484 ἀπὸ
386 418 568 504 δεδομένου
597 408 734 505 σημείου
763 419 817 485 ἐπὶ
838 419 934 486 θέσει
957 419 1144 505 δεδομένην

54 522 58 531 '
126 526 264 591 εὐθεῖαν
286 526 403 591 εὐθεῖα
426 528 558 611 γραμμὴ
588 525 677 611 ἀχθῇ
705 524 887 611 δεδομένην
909 534 1061 592 ποιοῦσα
1083 551 1143 611 γω-

126 635 213 717 νίαν,
237 632 369 697 δέδοται
392 631 413 714 ἡ
437 631 577 716 ἀχθεῖσα
599 641 639 718 τῇ
661 631 765 697 θέσει

91 750 107 797 5
189 738 256 826 ἆμὸ
276 739 339 825 γδιρ
364 737 545 822 δεδομένου
569 743 706 823 σημείου
727 746 787 804 τοῦ
806 744 839 802 A
861 735 915 803 ἐπὶ
932 736 1032 803 θέσει
1051 716 1142 804 δεδο

125 844 228 930 μένην
256 845 392 911 εὐθεῖαν
419 845 480 928 τὴν
508 848 575 909 ΒΓ
602 844 717 910 εὐθεῖα
744 846 875 931 γραμμὴ
902 845 998 927 ἤχθω
1029 844 1168 928 MA·

126 950 308 1037 δεδομένην
331 960 473 1016 ποιοῦσα
496 953 622 1033 γωνίαν
645 952 706 1035 τὴν
727 951 793 1017 ὑπὸ
812 961 880 1016 τῶν
897 956 964 1015 ΑΔ
970 953 1008 1015 Γ
1029 944 1140 1034 λέγω,

117 1057 176 1122 ὅτι
199 1055 333 1122 θέσει’
317 1053 407 1121 εστὶν
429 1054 547 1138 ἡΑΔ.

193 1164 308 1246 είγδιμ
337 1164 395 1246 μή,
424 1162 581 1246 μένοντος
608 1155 668 1228 τοῦ
690 1168 723 1227 Α
750 1162 887 1247 σημείου
913 1120 1140 1246 μεταπεσεῖται
1158 1148 1168 1171 ”

74 1284 108 1332 10
126 1277 185 1352 τῆς
211 1274 278 1332 ΑΔ
305 1266 326 1350 ἡ
353 1266 449 1344 θέσις
479 1270 682 1398 διατηροῦσα
709 1278 767 1352 τῆς
793 1268 859 1334 ὑπὸ
886 1274 953 1333 ΑΔ
961 1271 994 1332 Γ
1021 1271 1141 1352 γωνίας

126 1376 163 1440 τὸ
191 1373 341 1459 μέγεθος.
387 1374 611 1460 μετακικτέτω
638 1374 693 1440 καὶ
721 1378 804 1441 ἔστω
832 1373 852 1457 ἡ
876 1380 909 1438 Α
915 1378 951 1438 Ζ.
998 1377 1102 1459 ίση”
1081 1397 1139 1460 αμα

63 1554 67 1561 ,
126 1478 217 1545 ἐστὶν
244 1479 265 1563 ἡ
293 1480 358 1546 ὑπὸ
381 1491 449 1547 τῶν
471 1484 575 1546 ΑΔΓ
598 1484 703 1564 γωνία
730 1491 770 1568 τη
797 1481 863 1545 ὑπὸ
890 1482 959 1563 τῶν
973 1486 1017 1544 Ἀ
1023 1483 1096 1565 ΖΓ,
1119 1477 1137 1561 6
1164 1550 1168 1555 ,

125 1589 243 1670 μείζων
270 1597 310 1673 τῇ
339 1587 501 1652 ἐλάττονι·
535 1588 614 1673 ὅπερ
643 1585 734 1652 ἐστὶν
761 1586 936 1651 ἀδύνατον.
987 1586 1055 1651 οὐκ
1080 1587 1138 1670 ἄρα

125 1705 350 1776 μεταπεσεῖται
373 1687 431 1778 τῆς
448 1700 515 1759 AA
538 1695 558 1778 ἡ
581 1693 684 1770 θέσις.
721 1691 814 1758 θέσει
832 1688 1007 1776 ἅμαέστλν
1027 1681 1049 1776 ἡ
1069 1696 1136 1757 ΛΔ.

74 1900 106 1949 1ῦ
363 1925 370 1945 ι
599 1887 663 1952 λα’.
985 1948 988 1953 .

162 2000 266 2077 ’Ἐδιν
295 2011 358 2076 ἀτιὸ
387 2011 568 2096 δεδομένου
596 2016 732 2096 σημείου
761 2008 815 2076 ε’τιὶ
836 2009 929 2075 θέσει
951 2001 1136 2099 δεδομένην

126 2117 264 2182 εὐθεῖαν
291 2117 407 2181 εὐθεῖα
434 2120 567 2204 γραμμὴ
595 2121 792 2204 τροσβληθῇ
821 2113 982 2200 δεδομένη
1012 2124 1073 2204 τῷ
1088 2136 1136 2201 με·

124 2220 229 2305 γέθει,
252 2221 384 2288 δέδοται
406 2221 461 2287 καὶ
484 2234 523 2310 τῇ
545 2224 647 2289 θέσει.

195 2328 259 2393 ιἰκὸ
281 2330 345 2415 γδρ
369 2328 549 2414 δεδομένου
569 2333 705 2415 σημείου
726 2338 786 2395 τοῦ
805 2334 837 2393 A
861 2325 914 2393 έκὶ
931 2324 1030 2393 θέσει
1049 2326 1135 2393 δεδο-

75 2447 110 2496 20
128 2433 232 2519 μένην
259 2434 396 2500 εὐθεῖαν
422 2437 483 2520 τὴν
511 2438 579 2499 ΒΓ
606 2437 721 2500 εὐθεῖα
753 2436 885 2522 γραμμὴ
917 2435 1015 2517 ἤχθω
1050 2433 1135 2499 δεδο

127 2538 209 2624 μένη
232 2550 278 2630 τῷ
302 2539 444 2625 μεγέθει.
482 2538 577 2625 λέγω,
600 2541 650 2605 ὅτι
673 2539 728 2606 καὶ
752 2552 791 2627 τῇ
814 2539 907 2605 θέσει
931 2538 1133 2607 δέδοται]

193 2645 318 2736 κέντρῳ
343 2649 406 2733 γὰρ
434 2656 479 2734 τῷ
504 2652 551 2731 A,
580 2648 775 2731 διαστήματι
798 2633 839 2710 δὲ
863 2654 908 2733 τῷ
931 2651 998 2710 ΑΔ
1020 2647 1135 2731 κύκλος

128 2752 309 2839 γεγράφθω
334 2754 351 2818 6
375 2758 484 2818 EAZ.
527 2750 656 2817 θέσει’
643 2756 707 2838 οίρα
731 2750 821 2817 ἐστὶν
844 2751 861 2817 6
881 2742 983 2836 EAZ
1005 2752 1134 2826 κύκλος

77 2928 85 2945 ,
129 2856 261 2923 δέδοται
288 2859 353 2944 γὰρ
380 2858 483 2923 αὐτοῦ
506 2860 543 2923 τὸ
568 2864 599 2922 A
625 2856 764 2943 κέντρον
791 2866 830 2942 τῇ
858 2855 951 2922 θέσει
977 2855 1037 2922 καὶ
1062 2854 1134 2941 ἡὲιι

67 2951 109 3025 ’25
128 2973 187 3029 τοῦ
210 2963 349 3050 κέντρον
372 2962 392 3046 ἡ
417 2969 486 3028 ΑΔ
512 2973 565 3051 τῷ
585 2963 727 3049 μεγέθει.
772 2961 865 3029 θέσει
888 2959 925 3027 δέ
947 2960 1005 3027 καὶ
1032 2962 1055 3046 ἡ
1079 2960 1137 3029 ΒΓ

128 3161 130 3165 ,
199 3124 223 3173 6
244 3121 325 3173 ευθε
316 3120 374 3207 αν]
394 3136 447 3174 om
467 3136 492 3174 u.
584 3126 624 3174 10.
643 3128 692 3189 της
703 3122 776 3191 (pr)]
795 3119 857 3189 ἡκ.
948 3123 991 3172 13.
1012 3116 1134 3174 ἐλάττονι

126 3206 174 3243 vu
248 3195 290 3244 14.
313 3187 404 3261 θέσει]
423 3187 546 3253 θέσιςο
629 3191 790 3258 Sequuntur
807 3193 863 3244 tres
883 3189 1037 3244 demonstr.
1058 3188 1132 3255 alim,

98 3276 232 3329 -uwapp
295 3265 337 3314 20
358 3260 425 3314 Post
443 3259 523 3331 ηχθ
543 3261 606 3315 add.
625 3262 715 3330 ηΔΕ
733 3261 830 3330 θεῖν,
849 3261 974 3339 ἡΔΑε..
1032 3265 1077 3316 21.
1095 3255 1133 3315 δέ

128 3332 209 3385 δοται
226 3330 276 3384 καὶ
294 3338 327 3454 τη
346 3327 468 3385 θέσειτ
546 3338 588 3386 22.
610 3353 645 3386 κυ
628 3332 721 3402 σίκλος]
741 3348 829 3402 comp.
850 3348 874 3385 a
948 3336 992 3385 23
1011 3328 1148 3387 θέσει·

122 3401 239 3525 ἔξαθλος]
259 3400 274 3454 6
294 3402 311 3453 δ
345 3404 400 3456 ΕΔ
407 3406 428 3456 Ζ
445 3403 546 3465 κύκλος
564 3405 675 3473 (comp.)
694 3401 808 3458 δέδοται
826 3420 850 3457 ο.
939 3404 996 3458 ΕΔ
1003 3403 1038 3475 Ζ]
1057 3400 1133 3459 m

178 3474 211 3523 ut
224 3489 248 3524 u
