2356 3818
534 114 639 165 DATA.
1052 107 1092 171 71

555 291 620 356 XL.

142 433 177 500 Si
204 435 362 522 trianguli
385 435 506 520 singuli
529 433 640 519 anguli
664 434 732 498 dati
756 439 833 498 sunt
856 435 1094 520 magnitudine,

70 541 257 626 triangulus
281 543 377 607 datus
400 545 450 606 est
474 541 587 625 speeie.

139 670 218 711 nam
236 646 392 733 trianguli
406 649 513 711 ΑΒΓ
529 646 650 731 singuli
670 646 781 732 anguli
800 646 869 710 dati
888 647 954 710 sint
968 648 1092 733 magni-

70 753 196 818 tudine.
242 753 323 840 dioo,
346 753 548 838 triangulum
571 755 676 816 ΑΒΓ
694 753 806 816 datum
829 775 899 817 esse
924 753 1038 837 speeie.

141 863 283 942 ponatur
315 858 401 923 enim
437 862 527 922 reeta
556 862 626 922 ΑΒ
659 857 823 942 positione
861 862 893 921 et
930 859 1091 944 magnitu-

69 964 149 1029 dine
178 964 266 1049 dsta‚
297 968 330 1028 et
358 965 399 1028 ad
421 968 492 1028 ΛΕ
520 969 552 1028 et
579 968 701 1048 punota
727 963 763 1027 in
790 986 828 1027 ea
854 963 963 1048 posita
991 971 1037 1049 A,
1060 970 1093 1030 E

70 1071 197 1157 angulo
223 1073 317 1135 ΓΒΑ
344 1070 487 1154 aequalis
512 1074 719 1134 construatur
742 1069 880 1155 angulus
903 1070 1091 1136 rectilineus

479 1180 580 1240 ΕΔΖ
608 1179 641 1240 et
664 1174 789 1261 Langulo
818 1179 918 1240 ΑΓΒ
945 1177 1090 1261 aequalis

366 1281 394 1335 Α
478 1286 580 1347 ΔΕΖ
617 1281 665 1366 [1,
691 1281 761 1365 23].
810 1283 954 1366 reliquus
987 1284 1090 1370 igitur

478 1389 617 1474 angulus
640 1391 741 1452 ΒΑΓ
763 1389 888 1472 reliquo
912 1396 946 1454 A
954 1395 1018 1455 ZE
1044 1414 1094 1456 ae-

478 1495 583 1579 qualis
611 1498 661 1558 est
690 1492 732 1580 [1,
755 1494 822 1578 32].
877 1498 934 1560 sed
968 1498 1091 1583 singuli

409 1606 433 1659 Z
478 1601 590 1687 anguli
615 1601 655 1665 ad
676 1605 798 1685 puncta
817 1607 858 1685 A,
877 1606 915 1687 Β,
935 1605 968 1666 Γ
991 1605 1092 1686 positi

127 1711 156 1763 Β
348 1683 378 1732 P
479 1706 546 1772 dati
575 1711 660 1771 sunt.
711 1707 823 1791 itaque
846 1708 945 1772 etiem
969 1709 1092 1794 singuli

479 1813 591 1899 anguli
606 1814 645 1876 ad
660 1818 788 1898 A‚E,Z
806 1814 907 1897 positi
926 1814 994 1878 dati
1013 1820 1090 1879 sunt

479 1915 553 2005 [def.
571 1918 612 2002 l].
650 1918 716 1983 iam
735 1920 889 2004 quoniam
908 1921 949 1984 ad
966 1925 1092 1986 rectam

477 2024 639 2109 positione
648 2025 828 2089 datamAE
835 2027 1091 2110 etdatumpuno-

75 2166 107 2225 Δ
354 2172 384 2221 Ε
477 2136 548 2196 tum
568 2130 604 2194 in
620 2152 658 2195 ee
677 2131 823 2214 positum
840 2137 873 2195 A
893 2138 984 2198 reoto
1003 2134 1091 2199 linea

478 2238 1094 2326 AZduotaestdatumeffioiensangu-

70 2347 146 2411 lum
157 2345 240 2410 adA
253 2345 407 2430 positum,
422 2348 488 2408 AZ
502 2345 579 2408 data
592 2343 654 2408 erit
663 2343 826 2428 positione
841 2344 946 2430 [prop.
956 2345 1091 2430 XXIX}

71 2453 191 2518 eadem
218 2451 320 2537 igitur
348 2452 386 2515 de
415 2472 512 2515 eausa
534 2450 633 2514 etiam
656 2454 720 2513 EZ
746 2450 909 2534 positione
933 2452 1009 2515 data
1032 2457 1091 2519 est.

69 2560 188 2642 itaque
215 2560 373 2642 punctum
401 2560 429 2619 Z
462 2555 573 2619 datum
601 2558 651 2618 est
680 2551 783 2640 [prop.
807 2552 924 2640 XXV}
977 2578 1091 2622 uerum

72 2665 178 2730 etiam
209 2667 382 2745 utrumque
409 2665 567 2745 punctum
598 2665 645 2744 Δ,
668 2664 700 2723 Ε
734 2660 845 2744 datum
878 2663 936 2724 est.
992 2683 1091 2743 quare

71 2791 289 2852 unaquaeque
312 2771 474 2832 rectarum
492 2770 569 2850 ΛΖ,
587 2770 662 2849 ΛΕ,
681 2769 744 2829 ΕΖ
768 2765 843 2828 data
862 2770 912 2829 est
929 2765 1092 2850 positione

72 2881 109 2941 et
133 2873 357 2960 magnitudine
381 2872 486 2957 [prop.
505 2869 637 2951 XXVI}
684 2891 761 2954 ergo
785 2869 968 2955 triangulus
990 2878 1094 2938 ΔΖΕ

72 2983 174 3046 datus
203 2983 253 3044 est
281 2979 386 3064 speeie
416 2981 519 3062 [prop.
538 2975 701 3058 XXXIX}
756 2979 789 3040 et
817 2976 932 3041 similis
961 2983 1011 3042 est
1036 2980 1092 3044 tri-

74 3087 200 3174 angulo
224 3088 329 3150 ΑΒΓ
356 3080 498 3170 [V1,4].
549 3104 626 3167 ergo
655 3082 754 3146 etiam
781 3082 966 3168 triangulus
992 3089 1098 3148 ΑΒΓ

73 3197 172 3260 datus
197 3196 247 3256 est
270 3191 376 3276 speeie
400 3189 475 3274 [def.
495 3188 538 3272 3]

73 3389 156 3527 {egge
167 3400 324 3509 ggoebmw
342 3403 359 3452 η
379 3388 405 3436 Δ
413 3386 434 3435 Ζ
451 3399 486 3434 m.
507 3386 531 3434 2.
615 3386 656 3434 18.
677 3378 762 3450 ἐστίν]
782 3379 838 3433 ἐστι
857 3381 954 3435 Vatv.
1046 3384 1114 3567 Ἴ
