2356 3818
133 126 197 189 122
536 129 741 182 ΔωΔοΜΕΝΑ.

198 274 281 335 έστω
314 273 478 356 τρίγωνον
510 267 547 335 ib
577 275 683 337 ΑΒΓ
705 270 889 357 δεδομένην
918 274 996 356 ἔχον
1023 276 1149 356 γωνίαν

133 379 195 462 τὴν
221 377 305 462 πρὸς
332 385 377 460 τῷ
406 382 450 440 Α·
483 375 583 461 λέγω,
612 379 663 443 ὅτι
690 380 727 443 τὸ
756 378 821 443 ὑπὸ
849 389 916 444 τῶν
944 384 1047 445 ΒΑΓ
1069 381 1150 463 πρὸς

117 485 169 548 ,τὸ
193 486 298 547 ΑΒΓ
317 487 483 569 τρίγωνον
506 486 607 566 λόγον
631 488 696 568 έχει
719 483 928 569 δεδομένον.’
956 520 963 533 ·

197 591 293 673 ἤχθω
317 589 380 674 γδιρ
405 589 469 653 οάιὸ
493 599 553 654 τοῦ
576 595 605 654 Β
630 589 683 655 έιιὶ
707 592 768 674 την
786 594 858 655 ΑΓ
875 593 1020 670 αόθειος
1041 593 1061 676 ἡ
1080 599 1149 658 ΒΔ.

102 704 117 753 5
136 693 205 760 ἐπεὶ
229 691 291 761 οὖν
315 696 456 760 δοθεῖσα
480 695 569 761 ἐστιν
592 695 612 779 η
636 696 701 761 ὑπὸ
725 707 793 762 τῶν
815 701 918 763 ΒΑΓ
936 702 1058 783 γωνία,
1082 703 1149 764 ἔστι

133 798 170 866 δὲ
196 799 252 866 καὶ
280 800 300 883 η
328 801 393 866 ὑπὸ
421 813 489 866 τῶν
511 806 611 865 AAB
641 806 746 884 γωνία
774 804 930 887 δοθεῖσα,
962 803 1019 868 καὶ
1052 807 1147 888 λοιιιη

132 909 196 993 ἄρα
214 908 234 991 ἡ
253 908 318 972 ὑπὸ
336 912 438 972 ΑΒΔ
460 912 565 991 γωνία
584 907 730 973 δέδοται·
755 907 888 974 δέδοται
909 912 973 995 ἄρα
991 912 1030 976 τὸ
1050 916 1147 977 ΑΒΔ

131 1018 296 1099 τρίγωνον
320 1024 364 1101 τῷ
390 1016 478 1079 εἴδει.
516 1018 614 1097 λόγος
637 1016 700 1100 ἄρα
724 1013 793 1080 ἐστὶ
817 1025 875 1101 της
895 1021 961 1080 ΑΒ
984 1018 1069 1102 πρὸς
1087 1019 1146 1101 τὴν

132 1125 195 1185 BA
223 1122 346 1196 δοθείς.
400 1121 445 1197 ὡς
472 1118 509 1184 δὲ
537 1120 647 1203 ηΑΒ
676 1123 758 1208 πρὸς
781 1127 858 1206 BA,
892 1123 999 1200 οὕτως
1021 1124 1059 1188 τὸ
1082 1124 1145 1188 ὑπὸ

79 1234 113 1281 10
131 1237 198 1291 τῶν
221 1230 322 1291 ΒΑΓ
344 1229 426 1312 πρὸς
449 1229 486 1291 τὸ
509 1227 575 1292 ὑπὸ
598 1238 666 1292 τῶν
688 1233 761 1311 BA,
779 1231 863 1292 ΑΓ·
897 1231 980 1295 ὥστε
1007 1228 1063 1294 καὶ
1087 1238 1144 1294 τοῦ

129 1332 195 1397 ὑπὸ
219 1344 286 1397 τῶν
308 1337 409 1398 ΒΑΓ
429 1335 512 1419 πρὸς
535 1336 572 1398 τὸ
595 1334 660 1399 ὑπὸ
684 1345 752 1399 τῶν
775 1339 847 1418 BA,
866 1339 938 1401 AF
956 1339 1055 1417 λόγος
1078 1333 1144 1402 ἐστὶ

131 1441 253 1514 δοθείς.
290 1448 350 1504 τοῦ
374 1437 411 1503 δὲ
433 1440 498 1505 ὑπὸ
523 1451 590 1504 τῶν
610 1443 686 1524 ΑΓ,
705 1445 768 1505 BA
790 1443 874 1527 πρὸς
897 1443 934 1506 τὸ
953 1445 1059 1507 ΑΒΓ
1076 1445 1141 1528 τρί-

129 1568 240 1627 γωνον
263 1549 361 1628 λόγος
384 1545 453 1611 ἐστὶ
477 1547 605 1622 δοθείς·
626 1545 685 1611 ἐκαὶ
708 1556 768 1611 τοῦ
791 1548 857 1613 ὑπὸ
876 1559 944 1613 τῶν
962 1552 1064 1614 ΒΑΓ
1081 1552 1140 1634 ίίρα

129 1654 212 1738 πρὸς
234 1654 271 1717 τὸ
295 1657 400 1718 ΑΒΓ
419 1655 584 1738 τρίγωνον
607 1656 705 1735 λόγος
728 1652 797 1717 ἐστὶ
821 1655 944 1731 δοθείς.

77 1887 109 1934 15
609 1879 664 1960 ἕξ

192 2003 268 2069 Ἐὰν
301 2007 466 2088 τρίγωνον
499 2002 681 2087 δεδομένην
715 2007 771 2089 ἔχη
799 2010 941 2089 γωνίαν,
974 2000 1003 2094 ᾦ
1033 2009 1125 2091 μεῐζ

129 2111 290 2174 δύνανται
309 2111 346 2172 αί
362 2111 423 2192 τὴν
438 2109 621 2193 δεδομένην
636 2114 763 2192 γωνίαν
777 2109 990 2195 περιέχουσαι
1004 2118 1096 2177 πλευ
1108 2141 1178 2165 ι-

128 2216 173 2292 ὡς
195 2219 254 2299 μία
277 2224 336 2279 τοῦ
361 2215 424 2279 οάιὸ
448 2225 505 2298 τῆς
529 2222 654 2301 λοιπῆς,
679 2217 784 2281 έκεῖνο
803 2219 841 2282 τὸ
860 2221 985 2303 χωρίον
1003 2219 1116 2307 πρὸςι

127 2326 291 2407 τρίγωνον
314 2324 415 2402 λόγον
438 2319 501 2398 ἕξει
525 2321 713 2406 δεδομένον.

75 2434 109 2481 20
194 2431 275 2492 ἔστω
304 2431 468 2512 τρίγωνον
501 2430 537 2493 τὸ
566 2432 672 2493 ΑΒΓ
700 2427 882 2513 δεδομένην
910 2433 988 2514 έχον
1015 2433 1103 2512 γων’

126 2535 187 2617 την
209 2533 274 2598 ὑπὸ
297 2547 364 2599 τῶν
387 2528 500 2599 ΒΑΓ·
533 2533 632 2618 λέγω,
656 2536 717 2618 ὅτι,
741 2529 768 2623 ςό
789 2539 899 2619 μεῖζόν
923 2536 993 2601 ἐστι
1015 2537 1051 2601 τὸ
1074 2535 1127 2600 ἄν
1168 2558 1178 2585 ⁴

127 2639 381 2726 συναμφοτέρου
409 2650 466 2724 τῆς
488 2644 590 2705 ΒΑΓ
612 2650 672 2706 τοῦ
696 2641 760 2705 ἀπὸ
782 2651 840 2725 τῆς
863 2645 941 2726 ΒΓ,
973 2642 1076 2707 έκεῖνο
1097 2663 1124 2705 r
1161 2661 1174 2689 ⁴

125 2751 249 2833 χωρίον
271 2749 355 2832 πρὸς
377 2749 414 2811 τὸ
433 2751 538 2812 ΑΒΓ
556 2751 721 2833 τρίγωνον
744 2751 846 2830 λόγον
865 2751 931 2832 ἔχει
951 2746 1172 2833 δεδομένον·

193 2854 322 2936 διήχθω
351 2855 414 2938 γὰρ
443 2851 493 2918 ἐπ’
519 2853 650 2930 εὐθείας
681 2864 739 2938 τῆς
767 2858 833 2919 ΑΒ
866 2853 984 2919 εὐθεῖα
1012 2856 1033 2939 η
1057 2850 1166 2925 ΑΔ,

73 2963 107 3013 25
125 2957 180 3022 καὶ
203 2963 326 3023 κείσθω
350 2968 389 3044 τῇ
408 2965 441 3023 A
447 2962 479 3023 Γ
499 2965 553 3041 ίση
572 2958 592 3042 η
612 2965 687 3043 AA,
709 2958 765 3024 καὶ
784 2960 1013 3043 ἐπιζευχθεῖσα
1032 2959 1053 3043 ἡ
1069 2948 1166 3024 ΔΓ

125 3064 254 3147 διηχθω
279 3062 332 3128 ἐπὶ
355 3067 392 3129 τὸ
416 3070 459 3148 Ε,
489 3065 544 3130 καὶ
566 3067 660 3149 ἤχθω
685 3067 742 3130 διὰ
764 3075 824 3131 τοῦ
848 3070 876 3131 Β
900 3076 940 3153 τῇ
964 3070 1034 3132 ΑΓ
1054 3086 1154 3149 παρ’

195 3332 218 3380 1.
244 3325 320 3398 ἔχον]
341 3346 388 3380 -ον
407 3342 475 3380 corr.
497 3342 530 3380 ex
549 3349 601 3382 -ων
620 3346 656 3382 m.
678 3334 693 3380 2
712 3345 738 3382 v.
830 3333 854 3382 2.
878 3329 950 3396 πρὸς
966 3333 1005 3402 τῷ
1022 3329 1056 3453 A}
1076 3314 1132 3379 διὸ

122 3405 178 3450 τῶν
197 3401 275 3451 ΒΑΓ
294 3397 319 3451 b.
420 3398 473 3468 τῷ]
497 3398 528 3451 τό
547 3398 576 3453 P.
678 3405 702 3453 3.
726 3403 810 3453 ΑΒΓ
828 3396 980 3472 τρίγωνον]
1003 3399 1042 3455 δα
1075 3402 1129 3449 τῶν

116 3470 206 3520 ΑΒΓ
220 3467 243 3522 b.
321 3467 388 3540 ἔχει]
409 3485 462 3523 om.
482 3468 509 3523 b.
588 3475 610 3524 7.
635 3468 723 3538 γωνία
742 3467 869 3542 δέδοται]
894 3469 952 3525 ἐστι
970 3473 1082 3527 δοθεῖσα
1096 3460 1121 3513 b·
