2356 3818
523 151 629 202 DATA.
1016 143 1078 206 177

68 304 105 364 Δ
112 301 148 363 Γ.
193 295 347 382 quonium
380 294 491 359 datum
523 296 573 357 est
606 297 779 375 utrumque
807 295 849 374 B,
872 295 905 354 A
935 286 1010 372 [def.
1034 289 1079 371 6]‚

68 404 236 489 positione
268 403 344 468 dats
371 400 433 465 erit
462 404 525 464 BA
552 398 656 483 [prop.
674 396 807 480 XXVI]
862 400 895 460 et
927 394 1080 479 quonium

444 505 538 568 datus
554 509 603 568 est
616 511 637 579 L
648 508 710 568 BA
716 507 752 588 P,
770 503 864 567 datus
879 501 940 565 erit
955 502 1086 576 [ΒΔΓ

445 609 518 695 [HL
541 611 596 692 203
619 632 709 694 prop.
728 608 786 692 II].
834 608 900 671 iem
928 606 1081 690 quoniam

445 717 485 780 ad
524 721 645 781 rectam
689 715 850 800 positione
895 714 1003 776 datam
1049 716 1090 776 et·

444 827 600 906 punctum
630 823 665 886 in
697 843 734 886 ea
764 821 908 905 positum
930 826 963 883 Δ
994 823 1082 883 reeta

445 930 541 994 ducta
582 933 631 993 est
671 932 746 992 ΔΓ
785 928 896 991 datum
939 925 1081 990 efficiens

446 1034 601 1120 angulum
625 1037 727 1116 ΒΔΓ,
751 1034 827 1098 data
849 1034 911 1097 erit
933 1036 1003 1097 ΔΓ
1024 1054 1081 1116 po·

336 1184 370 1235 Γ
446 1141 563 1204 sitione
610 1141 717 1225 [prop.
758 1139 892 1224 XXIX]⁸
968 1161 1082 1203 uerum

445 1246 542 1311 etiem
557 1247 695 1312 oiroulus
705 1250 801 1311 ΑΒΓ
812 1246 973 1331 positione
988 1248 1081 1310 datus

68 1356 134 1417 est.
178 1372 256 1436 ergo
279 1355 435 1434 punctum
459 1355 492 1417 Γ
509 1354 622 1417 datum
645 1358 694 1418 est
717 1353 820 1437 [prop.
839 1351 956 1436 XXV}

223 573 249 625 A

542 1545 607 1612 XC.

146 1667 181 1734 si
204 1691 223 1732 a
246 1670 322 1733 dato
345 1673 466 1754 puncto
489 1674 578 1734 reeta
597 1670 725 1735 ducitur
747 1670 903 1735 oiroulum
922 1670 1082 1753 positione

71 1777 191 1841 datum
214 1775 419 1860 contingens,
447 1775 543 1839 dueta
570 1780 659 1839 reeta
687 1776 762 1839 data
784 1779 833 1839 est
860 1775 1021 1860 positione
1049 1780 1082 1840 et

75 1881 312 1967 magnitudine.

143 2009 220 2052 nem
244 2009 264 2051 a
286 1987 361 2050 dato
384 1991 505 2071 puncto
525 1990 558 2052 Γ
574 1992 662 2052 recta
685 1989 821 2053 dueatur
845 1992 904 2053 ΓΑ
927 1988 1083 2054 oiroulnm

77 2092 240 2177 positione
268 2091 379 2156 datum
407 2097 473 2157 AB
505 2093 701 2178 contingens.
757 2095 842 2179 dieo,
873 2101 994 2160 rectam
1023 2099 1083 2161 ΓΑ

603 2202 711 2266 datam
747 2225 816 2267 esse
852 2202 1014 2286 positione
1051 2206 1083 2266 et

604 2309 833 2393 magnitudine.

661 2419 807 2480 sumatur
830 2415 915 2479 enim
939 2418 1084 2478 centrum

605 2521 715 2585 circuli
730 2527 772 2606 A,
790 2525 823 2584 et
837 2521 995 2584 ducantur
1009 2524 1084 2602 AA,

604 2630 678 2691 ΔΓ.
724 2627 876 2710 quoniam
900 2626 1011 2688 datum
1034 2628 1084 2686 est

603 2737 775 2818 utrumque
799 2738 840 2810 A,
858 2734 894 2812 Γ,
925 2731 1001 2793 data
1023 2728 1085 2793 erit

482 2920 488 2925 ,.
603 2843 675 2903 ΔΓ
711 2841 819 2923 [prop.
851 2835 987 2920 XXVI}
1052 2840 1084 2899 et

604 2921 701 3023 LA'JA
707 2948 738 3009 Γ
748 2949 855 3009 reotus
870 2948 920 3008 est
934 2942 1008 3028 [HL
1020 2942 1085 3026 18].

79 3055 191 3142 itaque
213 3056 438 3120 ‘semicirculus
468 3056 502 3119 in
526 3061 558 3118 A
565 3057 596 3118 Γ
624 3051 802 3134 descriptus
832 3073 889 3135 per
913 3056 944 3113 A
976 3050 1085 3113 ueniet

81 3162 164 3249 [111,
188 3161 256 3246 31].
314 3161 424 3226 ueniat
462 3165 494 3225 et
532 3160 574 3224 sit
607 3164 673 3222 ΔΑ
679 3160 713 3221 Γ.
777 3156 887 3240 itaque
924 3155 1085 3240 positione

79 3269 176 3333 datus
201 3272 251 3332 est
274 3271 378 3331 ΔΑΓ
400 3266 475 3350 [def.
499 3265 542 3349 8].
587 3286 701 3327 uerum
729 3261 827 3326 etiam
855 3261 992 3326 oiroulus
1018 3263 1084 3321 AB

79 3409 295 3420 *-

151 3495 185 3549 In
201 3495 247 3565 fig.
267 3501 284 3549 2
302 3509 352 3563 pro
373 3498 394 3546 Β
412 3492 468 3545 hab
487 3496 513 3546 E
531 3490 627 3546 Votv.

130 3594 275 3644 Eucliden,
290 3591 489 3642 odnfloibotget
503 3594 597 3646 Menge.
621 3595 665 3636 VI.
916 3578 959 3627 ss
