2356 3818
400 139 440 190 1n
457 138 628 189 nuonnns
645 139 751 191 narr.
783 197 787 201 ,
1020 137 1091 201 247ι

69 282 113 344 ob
145 302 215 345 rem
245 281 414 364 problema
449 279 517 344 iam
547 279 694 364 parabile
727 285 777 344 est
814 285 872 345 aut
905 281 1085 346 inuentum.

70 409 171 470 quare
195 387 352 470 quidquid
365 390 507 450 ‘notum
530 391 594 470 est,
623 408 689 450 non
710 386 791 450 item
816 388 1007 474 parabile,
1030 390 1087 455 sed

70 493 229 577 quidquid
260 492 437 578 parabile
470 497 534 577 est,
565 491 652 557 idem
679 497 826 577 notum3
854 492 953 557 latius
983 495 1086 580 igitur

69 603 163 682 patet
184 603 318 663 notum
342 621 439 683 quam
461 599 649 682 parabile.

138 728 249 770 rursus
264 710 374 769 autem
392 710 525 770 notum
544 709 576 769 et
594 705 788 770 rationale
808 705 916 790 aliqua
935 729 973 770 ex
991 711 1085 790 parte

70 815 267 896 congruunt,
284 833 396 875 rursus
411 816 520 876 autem
535 811 687 876 differunt
704 811 791 876 inter
809 833 843 876 se
862 833 911 898 eo,
932 834 997 895 quo
1012 817 1086 878 ante

70 916 222 1002 diximus,
236 918 340 982 modo.
363 941 439 982 nam
452 916 557 982 lineae
571 917 784 1001 irrationalea
798 931 879 1010 'quas
894 940 1087 983 commemo-

69 1023 231 1108 rauimus,
253 1027 350 1087 notae
374 1028 462 1106 sunt,
484 1045 588 1108 neque
612 1029 723 1088 tamen
745 1024 875 1088 eaedem
897 1024 1087 1109 rationales;

70 1133 186 1193 eontra
218 1130 322 1194 omnis
354 1152 508 1194 numerus
540 1130 709 1195 rationalis
743 1135 808 1216 est,
839 1151 943 1214 neque
975 1134 1086 1194 tamen

70 1234 178 1298 omnis
192 1239 289 1300 notus
252 1240 432 1320 uaatque
451 1236 683 1300 rationale
661 1260 713 1322 ns,
736 1183 853 1320 quilius
873 1237 985 1303 eadem
999 1236 1084 1301 ratio

69 1344 135 1426 est,
166 1342 288 1425 pariter
315 1345 375 1405 rat
361 1341 508 1404 tionale
537 1345 600 1426 est,
631 1363 735 1426 neque
760 1341 817 1406 uni
844 1342 954 1427 aliqua
980 1342 1085 1428 longi·
1105 1350 1108 1354 ’

70 1447 150 1510 tudo
174 1446 343 1511 rationalis
368 1447 443 1531 erit,
475 1446 568 1510 alteri
590 1468 657 1511 non
681 1447 756 1526 erit3
786 1469 863 1512 nam
886 1449 927 1512 ad
950 1450 1085 1514 eandem

69 1574 144 1617 eam
174 1553 315 1618 referent
344 1575 537 1617 mensuram
597 1552 653 1616 sed
684 1552 797 1616 eadem
823 1553 995 1638 longitudo
1027 1555 1084 1618 uni

69 1663 151 1723 nota
187 1663 255 1743 est,
223 1659 389 1723 talteri
428 1680 495 1722 non
536 1661 604 1742 est,
645 1657 774 1722 etiamsi
810 1658 921 1723 eadem
957 1659 1084 1724 ratione

68 1768 214 1829 utuntur.
260 1765 328 1829 fort
314 1769 401 1829 tasse
425 1768 535 1828 autem
564 1709 663 1827 etiam
689 1763 848 1828 hocloco
877 1763 1009 1828 difficile
1033 1769 1083 1829 est

70 1871 195 1955 aliquid
218 1871 373 1955 inuenire,
399 1870 485 1953 quod
508 1869 593 1933 idem
616 1868 775 1933 rationale
798 1868 843 1933 sit
865 1874 899 1934 et
919 1869 1084 1954 ignotum

69 1981 206 2041 notum
229 1977 317 2040 enim
338 1975 527 2039 rationali
551 1996 678 2058 quoque
700 1975 799 2039 latius
817 1978 929 2059 patere
948 1975 1084 2040 uidetur.

139 2081 315 2164 parabile
339 2085 448 2144 autem
477 2084 510 2144 et
536 2102 612 2145 non
633 2080 812 2165 parabile
841 2081 962 2145 distare
986 2104 1006 2145 a
1027 2103 1086 2146 ra-

70 2187 215 2251 tionali
244 2190 276 2250 et
304 2186 543 2271 irrationali,
575 2209 614 2250 ex
636 2186 688 2250 his
712 2187 859 2273 adparet3
890 2187 1086 2270 parabilia

69 2293 159 2357 enim
181 2296 321 2375 possunt
340 2314 409 2357 esse
432 2293 531 2357 etiam
553 2292 792 2358 irrationalium
811 2294 978 2378 quaedam,
1000 2294 1084 2359 nihil

69 2403 181 2463 autem
199 2397 408 2463 rationalium
425 2398 622 2464 irrationale.
658 2400 777 2464 horum
796 2404 906 2464 autem
929 2400 1083 2486 cognatio

70 2506 156 2569 sieut
171 2509 352 2569 ceterorum
368 2505 517 2571 omnibus
530 2505 702 2590 perspicua
717 2509 781 2591 est3
802 2505 850 2570 ita
862 2505 966 2590 igitur
984 2504 1084 2570 etiam

69 2611 150 2674 haee
181 2611 268 2674 inter
304 2633 338 2674 se
373 2611 509 2697 habent,
549 2616 587 2675 ut
617 2607 812 2694 parabile
839 2610 938 2674 latius
970 2615 1081 2694 patere

70 2716 220 2780 uideatur
242 2738 339 2800 quam
362 2717 565 2781 rationale.

137 2823 194 2886 sed
215 2822 293 2886 lieet
317 2844 444 2905 eorum,
472 2843 554 2904 quae
582 2825 657 2884 ante
684 2820 853 2884 nominata
875 2825 966 2904 sunt,
992 2821 1084 2886 diffe-

69 2929 210 2992 rentiam
247 2929 346 2993 etiam
382 2929 445 2992 hoo
482 2927 579 2991 modo
615 2925 827 2991 considerare.
888 2927 1083 2992 rationale

70 3034 157 3098 enim
194 3038 227 3098 et
263 3031 497 3098 irrationale
534 3033 575 3097 ad
611 3031 707 3096 metri
738 3031 899 3097 rationem
931 3032 1084 3099 dicuntur

69 3161 174 3229 neque
194 3139 235 3203 ad
253 3138 473 3224 cognitionem
486 3142 633 3203 nostram
647 3138 838 3203 referuntur.
871 3143 982 3223 potest
996 3140 1083 3205 enim

69 3244 265 3309 rationale
288 3244 410 3328 aliquid
428 3243 524 3307 nobis
542 3245 692 3330 ignotum
707 3266 786 3331 esse,
809 3245 971 3328 quomodo
985 3246 1084 3310 ratio·

69 3397 155 3454 &tot
186 3399 265 3454 τὸδ’
283 3402 315 3454 οὐ
335 3401 399 3454 Vat.
463 3405 503 3455 11
523 3397 1084 3490 &voloovor]tvuooootvat.12.rqt

70 3468 102 3524 aa
122 3471 155 3526 οὔ
187 3468 265 3525 τὸδ’
283 3472 315 3526 οὐ
335 3471 399 3526 Vae.
472 3476 515 3526 24.
535 3469 601 3543 γάρ]
621 3489 674 3526 om
689 3472 753 3527 Vat
