2356 3818
390 117 397 130 “
526 117 632 170 DATA.
1046 116 1088 181 19

68 259 242 338 utramque
275 255 373 322 simul
400 261 480 343 ΑΓ,
511 263 734 343 comparatam
768 281 841 324 oum
876 260 987 326 eadem
1017 264 1089 346 ΓΒ,

64 360 147 426 ἀπα
169 361 327 449 maiorem
350 385 421 429 essa
445 387 543 448 quam
564 365 601 429 in
623 365 760 431 ratione.

133 490 213 533 nam
249 469 404 553 quoniam
440 471 632 558 magnitudo
665 477 698 536 A
705 475 751 557 Β,
787 478 975 557 comparata
1012 496 1087 539 oum

65 573 293 659 magnitudine
321 579 394 661 ΒΓ,
427 577 503 641 data
535 577 639 641 maior
671 582 721 641 est
754 599 851 661 quam
883 579 918 642 in
949 579 1089 664 ratione,

62 724 86 772 A
259 728 285 774 A
363 727 384 775 B
441 727 468 776 P
510 682 677 747 auferatur
700 684 777 747 data
800 683 990 768 magnitudo
1005 691 1085 750 ΑΛ.

72 791 451 868 ““”““”“““Ρ“““·’·Ρ··,·’
508 788 652 872 reliquae
688 790 791 874 igitur
827 793 898 853 ΛΒ
941 790 981 853 ad
1018 793 1093 854 ΒΓ

16 888 28 907 ’
63 891 152 957 ratio
171 892 248 958 data
267 898 317 958 est
336 892 413 977 [def.
429 893 494 978 11].
529 899 562 959 at
580 896 803 979 componendo
820 896 905 960 ratio
918 898 990 959 ΛΓ
999 919 1007 958 :
1021 898 1092 959 ΒΓ

64 997 144 1060 data
162 1003 212 1064 ost
231 999 336 1084 [prop.
351 999 423 1084 VH.
460 1006 494 1065 et
517 1002 594 1065 data
617 1002 877 1099 est'magnitudo
896 1008 970 1066 ΑΛ.
1005 1023 1085 1087 ergo

65 1104 258 1189 magnitudo
278 1097 348 1191 ΓΑ,
371 1111 559 1190 comparata
578 1129 651 1171 oum
670 1108 893 1193 magnitudine
914 1110 986 1193 ΓΒ,
1008 1108 1086 1172 data

65 1210 172 1274 maior
195 1216 246 1286 est
268 1234 366 1296 quam
387 1202 573 1277 iuratione
598 1213 673 1297 [def.
696 1213 762 1297 11].

130 1317 199 1381 iam
221 1340 333 1383 rursus
352 1317 543 1404 magnitudo
557 1322 633 1404 ΑΓ,
657 1324 845 1404 comparata
864 1341 938 1383 oum
956 1320 1084 1405 magni-

60 1422 177 1486 tudine
193 1426 265 1509 ΓΒ,
288 1424 364 1488 data
382 1425 487 1489 maior
506 1425 549 1489 sit
568 1447 666 1508 quam
689 1426 724 1489 in
746 1425 883 1490 ratione.
920 1425 1004 1509 dieo,
1026 1429 1085 1488 aut

62 1528 226 1612 reliquam
257 1533 325 1594 AB
332 1581 342 1615 ‚
378 1536 600 1616 comparatam
637 1554 711 1596 oum
748 1533 859 1596 eadem
891 1533 970 1614 ΒΓ,
1006 1531 1085 1594 data

62 1633 224 1698 maiorem
248 1656 435 1719 essequam
453 1636 643 1721 iuratione,
665 1640 723 1700 aut
741 1640 806 1700 AB
831 1659 905 1700 oum
925 1635 1084 1719 sequenti,

60 1741 104 1803 ad
129 1762 228 1823 quam
251 1744 321 1805 ΒΓ
339 1741 501 1807 rationem
523 1741 624 1806 habet
648 1742 767 1825 datam,
791 1743 866 1805 data
890 1745 947 1804 ost.

130 1868 207 1911 nam
223 1847 377 1930 quoniam
387 1847 578 1933 magnitudo
588 1849 664 1933 ΑΓ,
675 1851 864 1931 comparata
874 1869 947 1911 oum
959 1844 1084 1930 magni-

59 1951 176 2017 tudine
184 1956 256 2038 ΓΒ,
269 1952 345 2018 data
357 1954 461 2017 maior
471 1958 522 2017 est
533 1975 630 2037 quam
640 1951 820 2037 iuratione,
831 1951 996 2016 auferatur
1006 1953 1083 2015 data

58 2058 264 2144 magnitudo.
282 2060 349 2123 iam
363 2060 439 2123 data
453 2059 644 2144 magnitudo
660 2064 717 2123 aut
730 2058 837 2123 minor
847 2063 897 2122 ost
907 2081 1004 2143 quam
1012 2063 1079 2122 AB

58 2160 119 2230 aut
139 2165 250 2230 maior.
287 2166 378 2250 prius
397 2165 441 2229 sit
459 2165 575 2249 minor,
593 2170 626 2229 et
646 2165 689 2229 sit
703 2169 776 2229 AA.
813 2165 957 2248 reliquae
976 2163 1081 2249 igitur

56 2276 94 2336 A
100 2273 134 2335 Γ
153 2271 193 2335 ad
212 2273 274 2335 ΓΒ
297 2272 382 2335 ratio
406 2276 456 2336 est
475 2273 551 2335 data
571 2271 645 2355 [def.
663 2270 728 2354 11].
765 2271 777 2335 i
794 2293 876 2356 aque
898 2270 1080 2334 dirimendo

55 2377 147 2442 ratio
167 2380 233 2440 AB
249 2401 256 2440 :
270 2380 338 2441 ΒΓ
357 2377 434 2442 data
452 2382 503 2441 est
522 2377 627 2462 [prop.
641 2376 696 2460 V]
740 2382 773 2441 ot
792 2378 868 2441 data
887 2380 937 2440 est
955 2375 1080 2460 magni-

55 2484 141 2547 tudo
154 2487 229 2547 ΛΛ.
267 2504 346 2567 ergo
365 2483 556 2568 magnitudo
571 2487 652 2567 ΑΒ,
666 2487 854 2567 oomparata
868 2472 1080 2564 oum'magni-

54 2589 172 2653 tudine
195 2591 268 2672 ΒΓ,
291 2588 367 2651 data
390 2589 494 2652 maior
517 2593 567 2652 ast
590 2610 688 2671 quam
710 2586 894 2651 iuratione
919 2585 994 2668 [def.
1011 2585 1078 2668 11].

125 2695 194 2758 iam
216 2690 295 2758 uero
319 2693 396 2757 data
419 2694 610 2779 magnitudo
633 2693 738 2757 maior
762 2693 805 2756 sit
830 2714 927 2774 quam
945 2695 1022 2775 ΑΒ,
1045 2695 1080 2755 et

55 2804 203 2886 ponatur
226 2800 256 2864 ei
279 2799 423 2883 aequalis
446 2799 638 2885 magnitudo
659 2804 733 2863 AE.
770 2798 856 2862 ratio
878 2797 982 2882 igitur
1005 2796 1078 2861 reli-

53 2954 78 3002 A
280 2954 302 3003 B
372 2952 396 3002 Ε
452 2951 478 3001 P
533 2928 615 2990 quae
647 2908 716 2969 ΕΓ
750 2905 790 2968 ad
819 2906 880 2967 ΓΒ
918 2904 993 2968 data
1026 2908 1077 2967 est

53 3019 460 3115 ·ff*¹*¹-¹
530 3012 609 3096 [def.
644 3010 710 3094 11].
772 3011 883 3094 itaque
921 3010 1020 3074 etiam
1058 3031 1075 3072 e

52 3118 224 3186 contrario
257 3120 342 3184 ratio
371 3122 456 3184 BF:
471 3121 539 3186 ΕΓ
566 3118 643 3182 data
675 3121 734 3187 est.
789 3122 822 3181 et
853 3114 1073 3181 conuertendo
1143 3181 1145 3184 ,

51 3226 143 3291 ratio
168 3228 253 3290 BF:
267 3229 334 3290 BE
355 3228 432 3289 data
455 3229 505 3289 est
530 3224 633 3308 [prop.
650 3222 706 3305 V].
743 3226 776 3286 et
798 3221 1074 3308 magnitudoEB

89 3383 162 3453 ἄρα]
181 3389 232 3436 τοῦ
251 3399 276 3436 a.
368 3387 410 3434 23.
435 3379 502 3434 ὥστε
522 3413 555 3421 -
575 3386 617 3433 24.
638 3376 751 3450 dotata}
767 3376 915 3432 &adunatio
934 3393 966 3427 a.
1040 3378 1095 3418 Ἃ-

48 3456 122 3526 ΒΓ]
141 3457 192 3507 ΓΒ
207 3469 232 3506 a.
289 3458 331 3506 25.
346 3453 441 3506 τὸΒΒ
455 3469 502 3507 va.
562 3453 629 3526 ΕΒ]
646 3455 670 3508 Ε
685 3438 1071 3556 εηῃῐῆὰὰὰ.ω.ὶπ,η
1082 3447 1115 3479 ‘o-

912 3537 936 3584 (λ
