2356 3818
137 125 179 189 78
539 128 742 179 AEAOMENA.

134 278 192 351 τῆς
214 274 284 333 ΔΕ
304 271 388 355 πρὸς
408 273 470 354 τὴν
495 275 522 335 Ζ
546 271 669 345 δοθείς.
715 270 855 336 δοθεῖσα
878 268 916 336 δὲ
938 271 961 355 ἡ
984 276 1068 339 ΔΕ·
1095 274 1143 340 δο

133 381 233 440 θεῖσα
256 377 320 462 ἄρα
343 375 399 442 καὶ
420 375 442 459 ἡ
467 381 504 441 Ζ.
550 380 608 441 καί
628 375 697 441 ἐστι
719 378 837 460 μείζων
859 376 880 460 ἡ
906 381 968 443 ΓΒ
994 388 1054 463 τῆς
1077 384 1142 446 BA·

133 484 252 565 μείζων
279 484 343 569 ἄρα
366 482 421 548 καλ
444 484 464 567 ἡ
488 488 557 547 ΕΔ
583 492 642 567 της
665 488 702 548 Ζ.
753 483 951 569 ἐνηρμόσθω
980 496 1021 572 τῇ
1046 490 1075 551 Ζ
1096 492 1142 569 ίση

133 587 153 671 ἡ
177 593 263 671 ΔΗ,
286 587 342 653 καὶ
365 589 548 672 ἐπεζεύχθω
572 588 592 671 ἡ
616 593 701 673 ΗΕ,
726 588 782 654 καὶ
803 588 929 677 κέντρῳ
952 588 1016 675 μὲν
1039 601 1085 680 τῷ
1105 597 1142 674 A,

98 694 327 778 οδιαστηματι
361 692 397 760 δὲ
424 705 470 783 τῷ
502 699 580 760 ΔΗ
606 697 727 772 κύκλος
758 696 940 782 γεγράφθω
975 697 994 763 ὁ
1030 700 1140 762 ΘΗΚ·

132 798 225 865 θέσει
248 802 312 886 ύίρα
336 799 426 865 ἐστὶν
449 799 467 865 ὁ
493 803 602 864 ΘΗΚ
622 801 755 877 κύκλος·
802 800 934 867 δέδοται
956 803 1022 888 γὰρ
1047 803 1140 868 αὐτοῦ

132 907 169 971 τὸ
192 905 331 992 κέντρον
353 917 393 993 τῇ
416 905 509 971 θέσει
532 904 587 971 καὶ
609 905 630 988 η
650 905 685 970 ἐκ
703 915 764 970 τοῦ
781 906 921 993 κέντρον
939 917 989 996 τῷ
1006 908 1139 993 μεγέθει
1173 988 1175 993 Ι

131 1011 225 1076 θέσει
254 1009 291 1076 δὲ
317 1011 373 1077 καὶ
400 1014 437 1077 τὸ
460 1016 570 1076 ΔΗΕ
596 1010 800 1095 ἡμικύκλιον.
851 1008 955 1077 δοθὲν
984 1015 1051 1099 ἄρα
1078 1012 1138 1081 ἐστὶ
1173 1064 1175 1073 .

131 1119 168 1182 ιὸ
188 1122 228 1181 Η
246 1130 390 1201 σημειον.
428 1121 496 1182 ἔστι
520 1114 557 1181 δὲ
578 1115 675 1182 καὶ
658 1119 812 1204 εκοίτερον
830 1129 897 1183 τῶν
915 1124 958 1201 Δ,
976 1123 1010 1183 Ε
1029 1119 1137 1185 δοθέν·

79 1237 113 1285 10
131 1225 315 1289 δοθεισα”
295 1249 358 1310 αρα
377 1222 502 1289 ἐστίν’
486 1223 604 1307 εκάστη
623 1235 690 1288 τῶν
709 1227 787 1307 HA,
805 1229 883 1307 ΔΕ,
901 1228 976 1289 ΕΗ
995 1235 1036 1311 τῇ
1054 1224 1175 1292 θέσει

130 1327 257 1417 καὶτῷ
285 1329 432 1413 μεγέθει
461 1329 642 1394 δέδοται’
622 1354 686 1415 αρα
713 1331 750 1394 τὸ
773 1334 879 1395 ΗΔΕ
903 1334 1072 1416 τρίγωνον
1097 1341 1134 1419 τῷ
1172 1292 1175 1401 λ

131 1437 220 1500 είδει.
275 1434 344 1500 ἐπεὶ
374 1432 436 1502 οὖν
469 1437 530 1501 δύο
561 1436 708 1521 τρίγωνα
737 1435 805 1500 ἐστι
832 1437 872 1500 τὰ
899 1441 966 1502 AB
975 1442 1016 1522 Γ
1038 1398 1138 1503 ΔΕΗ

129 1546 209 1626 μίαν
241 1546 368 1625 γωνιάν
398 1547 458 1628 μία
490 1545 596 1627 γωνια
629 1547 705 1624 ίσην
737 1544 853 1624 ἔχοντα
886 1543 947 1625 τὴν
979 1543 1047 1609 ὑπὸ
1079 1553 1175 1623 τῶν

130 1651 230 1712 ΒΑΓ
251 1658 290 1734 τῇ
317 1648 383 1712 ὑπὸ
410 1659 479 1713 τῶν
500 1651 623 1730 ΔΗΕ,
655 1645 730 1730 περὶ
757 1645 794 1712 δέ
817 1648 918 1723 ἄλλας
940 1652 1067 1730 γωνίας
1087 1648 1175 1723 τὰς

78 1767 110 1815 15
129 1754 194 1819 ὑπὸ
217 1766 284 1819 τῶν
308 1756 412 1836 ΓΒΛ,
431 1756 543 1817 ΕΔΗ
560 1753 619 1828 τὰς
641 1754 785 1838 πλευρὰς
808 1752 990 1837 ἀνάλογον,
1018 1765 1085 1820 τῶν
1104 1749 1175 1818 δλ“
1173 1778 1175 1793 ¹

129 1865 254 1925 λοιπῶν
277 1870 344 1924 τῶν
366 1860 431 1924 ὑπὸ
455 1861 560 1941 ΒΓΑ,
578 1857 727 1923 ΔΕΗ
710 1858 866 1945 εκατέραν
889 1859 957 1943 ἅμα
981 1860 1133 1926 έλολσσονο
1172 1870 1175 1893 ¹

128 1966 248 2051 ὀρθῆς,
277 1966 435 2049 ὅμοιον”
415 1989 479 2050 αρα
502 1963 571 2030 ἐστὶ
593 1966 631 2029 τὸ
655 1970 721 2029 ΑΒ
729 1968 762 2029 Γ
778 1967 943 2051 τρίγωνον
966 1976 1014 2055 τῷ
1036 1968 1134 2032 ΔΕΗ

128 2072 288 2158 τριγώνῳ.
343 2070 474 2135 δέδοται
506 2068 543 2135 δέ
574 2071 611 2135 τὸ
640 2075 753 2135 ΔΕΗ
779 2076 945 2157 τρίγωνον
972 2082 1020 2161 τῷ
1048 2073 1132 2139 εἴδει·
1173 2144 1175 2157 Ι

129 2175 261 2240 δέδοται
284 2177 348 2261 ἄρα
370 2175 425 2240 καλ
447 2178 484 2241 τὸ
508 2180 613 2240 ΑΒΓ
630 2180 794 2262 τρίγωνον
817 2186 862 2264 τῷ
886 2179 976 2243 εἴδει.
1173 2174 1175 2187 '

74 2419 108 2467 νο
600 2422 668 2508 μγ,

191 2562 266 2630 Ἐιλν
289 2568 453 2652 τρίγωνον
475 2569 555 2650 μίαν
575 2567 630 2649 ἔχη
649 2568 775 2648 γωνίαν
794 2563 987 2649 δεδομένην,
1010 2563 1085 2652 περὶ
1101 2560 1132 2629 δὲ
1150 2534 1175 2655 ,Ι

127 2672 232 2755 ἄλλην
258 2677 384 2756 γωνίαν
412 2673 449 2736 αί
473 2668 613 2755 πλευραὶ
639 2672 723 2755 ιιρδς
750 2670 893 2752 ἀλλήλας
915 2672 1020 2751 λόγον
1042 2674 1130 2755 ἔχωσι

126 2776 316 2862 δεδομένον,
340 2776 471 2843 δέδοται
494 2778 532 2840 τὸ
555 2780 720 2862 τρίγωνον
742 2785 788 2863 τῷ
811 2775 902 2840 είδει.

196 3036 633 3125 7.μείζων]μεῖζονΡ,.οοωρ..ν
689 3037 926 3107 4..HE]EHa
989 3035 1128 3126 061177]

125 3113 259 3165 ΗΘΚε.
334 3113 413 3179 7.τῷ
432 3105 677 3180 μγεέθειμοτοε.
698 3125 722 3161 ο.
796 3112 838 3160 10
861 3106 1126 3197 δοθεῖσα]θε’σεια

160 3186 201 3234 13.
221 3176 309 3249 γοιωνί
290 3181 339 3251 αν]
358 3128 451 3248 γωνία
464 3198 489 3234 v.
555 3199 571 3232 ι
573 3180 623 3250 ῶν]
642 3177 694 3246 τήν
711 3177 785 3247 vat,
806 3176 859 3232 del.
874 3183 950 3233 m.2
1026 3185 1066 3233 14.
1084 3174 1127 3238 τὰς

123 3248 208 3313 ἄικας
225 3250 349 3305 Ρῑιαιηι
428 3255 468 3304 15
490 3254 567 3303 ΓΒΑ
573 3250 700 3319 ‚EAH]
722 3252 811 3316 οικ,
825 3251 959 3303 AEHv
1031 3248 1126 3311 τις

123 3326 165 3377 16.
184 3321 291 3392 ΔΕΗ]
315 3337 368 3375 om
388 3338 413 3374 v.
506 3327 546 3376 16
572 3321 656 3391 ΒΓΑ]
679 3339 717 3373 ιω
701 3323 876 3374 νΑΓΒο.
970 3324 1011 3374 17.
1035 3316 1124 3387 ΑΒΓ]

122 3394 197 3447 ΒΓΑ
215 3408 241 3447 v
320 3397 361 3446 18
382 3388 547 3446 δέδοιαι-
567 3390 648 3462 εἴδει]
668 3407 721 3445 om.
741 3408 767 3460 v,
786 3389 850 3444 add.
870 3407 926 3459 mg
946 3390 983 3445 ml
1001 3396 1027 3447 7.
1086 3392 1122 3442 70.

122 3462 244 3535 55‘155‘
264 3464 289 3534 7·
362 3468 403 3518 21·
425 3462 484 3535 ἔιο]
505 3462 568 3533 λιν
587 3464 611 3533 β-
