2356 3818
124 131 167 196 88
527 135 732 186 ΔΕΔΟΜΕΒΑ.

125 273 285 360 δεδομένα
304 285 349 363 τῷ
364 276 446 340 εῖδει
465 274 712 360 ἀναγεγράφθω
725 277 767 340 τὰ
780 280 892 361 ΑΒΓ,
904 282 1025 343 ΑΔΒ·
1048 276 1143 364 λέγω,

126 383 176 448 ότι
200 386 298 464 λόγος
322 379 391 446 ἐστὶ
414 391 474 446 τοῦ
498 384 598 446 ΑΓΒ
621 383 705 466 πρὸς
727 383 765 447 τὸ
787 386 890 448 ΑΔΒ
913 383 1042 462 δοθείς.

193 490 353 572 ἤχθωσαν
380 487 444 552 ἀπὸ
471 500 539 552 τῶν
566 493 613 571 A,
632 493 661 552 Β
688 492 834 573 σημείων
860 500 900 575 τῇ
927 495 996 555 ΑΒ
1027 491 1140 579 εὐθείγ

124 597 207 680 πρὸς
221 595 328 679 ὀρθὰς
341 595 379 658 αί
390 600 422 658 Α
427 599 467 677 Β,
480 598 520 658 Η
521 599 549 658 Β
567 591 623 658 καὶ
638 593 917 678 ἐκβεβλήσθωσαν
930 594 986 662 ἐπὶ
1000 599 1042 662 τὰ
1056 602 1138 682 Ζ,Θ,

89 699 180 766 οκαὶ
204 702 260 766 διὰ
283 712 351 766 τῶν
370 705 454 784 Γ,Λ
476 703 621 784 σημείων
643 711 683 786 τῇ
707 705 773 765 ΑΒ
796 700 913 789 εὐθείᾳ
935 702 1137 788 παράλληλοι

125 810 288 892 ἤχθωσαν
311 808 348 871 αί
363 810 476 889 ΕΓΗ,
497 811 559 871 ΖΛ
566 811 603 870 Θ.
641 805 710 871 ἐπεὶ
733 805 865 872 δίδοται
887 809 925 873 τὸ
948 812 1058 875 ΑΒΓ
1073 813 1136 897 τρί-

125 938 236 997 γωνον
258 923 304 1001 τῷ
327 915 418 995 εῖδει,
441 915 539 995 λόγος
562 911 631 977 ἐστὶ
653 923 711 996 τῆς
731 917 791 979 ΓΑ
812 916 897 999 πρὸς
918 916 980 999 τὴν
999 921 1064 981 ΒΑ
1085 917 1134 980 δο

125 1025 208 1097 θείς.
245 1017 315 1085 ἐπεὶ
338 1015 400 1085 οὖν
423 1019 563 1083 δοθεῖσοί
584 1018 674 1084 ἐστιν
696 1018 801 1101 ἡὺπὸ
819 1031 888 1085 τῶν
907 1024 1002 1085 ΓΑΒ
1026 1026 1133 1106 γωνία,

126 1130 195 1192 ἔστι
218 1124 255 1192 δὲ
277 1123 332 1191 καὶ
355 1127 375 1210 ἡ
398 1125 463 1190 ὑπὸ
486 1137 553 1190 τῶν
576 1131 677 1190 ΕΑΒ
700 1127 855 1211 δοθεῖσα,
877 1124 933 1193 καὶ
953 1130 1054 1213 λοιπὴ
1076 1130 1131 1213 ἄρα

75 1232 147 1315 1οἡ
174 1233 240 1297 ὑπὸ
268 1244 336 1296 τῶν
359 1236 464 1296 ΒΑΓ
491 1230 559 1296 ἐστι
586 1232 736 1297 δοθεῖσα.
782 1235 852 1298 ἔστι
879 1228 917 1298 δὲ
943 1231 1000 1299 καὶ
1028 1235 1049 1318 ἡ
1073 1233 1130 1299 ὑπὸ

127 1350 194 1403 τῶν
217 1341 323 1402 ΑΕΓ
340 1341 445 1420 γωνία
468 1338 620 1402 δοθεῖσα·
652 1336 708 1403 καὶ
731 1340 830 1423 λοιπὴ
853 1340 918 1425 ἄρα
940 1337 961 1422 ἡ
984 1339 1051 1405 ὑπὸ
1073 1349 1130 1404 τῶν

126 1447 223 1509 ΕΓΑ
246 1444 385 1509 δοθεῖσα
409 1443 513 1509 ἐστιν·
546 1442 678 1508 δέδοται
701 1446 765 1528 ἄρα
788 1446 825 1509 τὸ
848 1449 955 1510 ΑΒΓ
975 1450 1129 1532 τρίγωνον

127 1559 172 1638 τῷ
199 1552 293 1615 εῖδει·
326 1552 424 1633 λόγος
451 1551 516 1634 ἅμα
542 1558 600 1633 τῆς
626 1554 694 1613 ΕΑ
720 1552 804 1634 πρὸς
831 1551 892 1634 τὴν
919 1555 991 1616 ΑΓ
1018 1554 1128 1627 δοθείς.

127 1666 184 1740 τῆς
207 1653 244 1721 δὲ
267 1661 328 1722 ΓΑ
349 1659 431 1742 πρὸς
454 1657 516 1740 τὴν
539 1660 606 1720 ΑΒ
634 1658 732 1739 λόγος
755 1654 824 1722 ἐστὶ
847 1658 974 1734 δοθείς·
1005 1656 1061 1723 καὶ
1081 1666 1129 1741 τῆς

75 1778 108 1826 15
127 1768 195 1828 EA
227 1765 291 1850 ἄρα
318 1765 401 1849 πρὸς
428 1764 490 1846 τὴν
517 1766 584 1826 ΑΒ
616 1764 714 1844 λόγος
742 1761 810 1829 ἐστὶ
838 1764 962 1839 δοθείς.
1018 1765 1073 1830 διδ
1095 1762 1128 1828 εδ

127 1871 211 1936 αὐτοὶ
234 1872 275 1954 δὴ
299 1868 354 1934 καὶ
376 1878 430 1952 τῆς
450 1874 515 1932 ΖΑ
537 1869 621 1953 πρὸς
638 1870 700 1952 τὴν
717 1873 784 1934 ΑΒ
808 1871 906 1951 λόγος
924 1868 995 1935 ἐστὶ
1014 1871 1128 1945 δοθείς·

127 1978 210 2041 ὥστε
236 1974 292 2040 καὶ
319 1985 376 2058 τῆς
403 1979 470 2039 ΒΑ
496 1976 580 2060 πρὸς
606 1976 668 2057 τὴν
696 1978 762 2038 ΑΖ
794 1978 892 2057 λόγος
920 1973 990 2041 ἐστὶ
1017 1977 1128 2051 δοθείς.

127 2086 185 2146 καί
202 2081 292 2146 ἐστιν
311 2081 356 2156 ὡς
373 2080 394 2163 ἡ
413 2086 481 2145 ΑΒ
502 2082 585 2166 πρὸς
603 2082 665 2164 τὴν
683 2087 716 2144 Α
722 2086 760 2164 Ζ,
783 2081 889 2158 οὕτως
906 2083 944 2146 τὸ
964 2086 1042 2147 ΑΗ
1058 2081 1129 2163 πρὸς

127 2189 164 2253 τὸ
190 2192 264 2252 ΘΑ·
298 2188 381 2251 ὥστε
407 2185 462 2251 καὶ
489 2196 549 2252 τοῦ
577 2191 653 2251 ΑΗ
680 2189 763 2274 πρὸς
790 2189 827 2252 τὸ
851 2193 884 2252 Α
891 2192 920 2252 Θ
947 2191 1046 2271 λόγος
1071 2182 1129 2253 ίστλ

75 2308 109 2356 20
128 2296 251 2370 δοθείς.
297 2295 355 2356 καί
376 2291 444 2357 ἐστι
471 2302 531 2358 τοῦ
558 2289 619 2377 μὲν
641 2298 718 2358 ΑΗ
740 2294 842 2377 ἥμισυ
870 2295 907 2360 τὸ
932 2296 1049 2379 ΑΒΓ,
1078 2298 1128 2358 τοῦ

129 2397 166 2464 δὲ
188 2404 257 2464 ΑΘ
282 2399 384 2482 ἥμισυ
411 2400 448 2464 τὸ
472 2404 586 2464 ΑΛΒ·
618 2398 674 2464 καὶ
697 2408 756 2464 τοῦ
780 2403 887 2464 ΑΒΓ
908 2402 973 2485 ἄρα
995 2402 1079 2488 πρὸς
1097 2397 1128 2463 τὸ
1152 2424 1167 2445 ⁴

128 2509 348 2600 ΑΔΒλόγος
371 2504 439 2570 ἐστὶ
462 2506 585 2582 δοθείς.

596 2645 668 2730 W·

193 2752 270 2819 Ἐὰν
297 2753 361 2819 ἀπὸ
388 2763 446 2837 τῆς
473 2753 574 2836 αὐτῆς
602 2753 736 2829 εὐθείας
763 2753 825 2817 δύο
853 2753 1084 2839 εὐθύγραμμα,
1108 2773 1167 2811 ο-

76 2873 109 2922 εο
129 2862 253 2943 ἔτυχεν,
276 2859 454 2945 ἀναγραφῇ
478 2856 638 2942 δεδομένα
661 2868 707 2947 τῷ
730 2859 826 2942 εῖδει,
849 2862 951 2941 λόγον
973 2859 1037 2938 ἕξει
1057 2856 1167 2943 πρὸξ

128 2968 253 3049 ἄλληλα
276 2963 465 3049 δεδομένον.

1111 2746 1167 2769 ιν·-

200 3128 223 3177 1.
248 3122 340 3192 ΑΛΒ]
359 3123 440 3174 ΑΒΔ
457 3119 555 3174 νοεῖ).
646 3121 957 3191 2.A1¹13]A13rvb.
996 3168 998 3173 ,
1047 3106 1164 3179 εον]

128 3198 205 3248 ΑΒΔ
222 3192 272 3246 vb.
342 3197 365 3245 6.
386 3192 498 3244 εὐθεῖαι
512 3190 542 3244 αἱ
559 3189 586 3245 b.
656 3196 679 3245 7.
699 3191 767 3245 Post
781 3191 850 3246 εἴδει
869 3191 934 3246 hab.
951 3189 1067 3247 δοθεῖσοί
1079 3186 1157 3241 ἐστι

127 3263 220 3335 mna
240 3266 323 3317 ΒΑΓ
336 3258 425 3387 μενοι
443 3260 470 3315 b.
553 3267 577 3316 9.
596 3259 738 3334 mamm]
758 3279 811 3318 om.
830 3262 895 3317 να.
979 3268 1021 3319 ιο.
1041 3246 1150 3318 mr]

127 3338 212 3391 ΑΓΕ
229 3330 318 3403 γωνία
358 3376 363 3388 .
420 3330 476 3387 ἐστι
495 3334 613 3388 δοθεῖσα
645 3332 765 3389 δοθεῖοοί
779 3332 836 3388 ἐστι
853 3333 880 3388 b.
938 3332 994 3389 ἔστι
1025 3333 1090 3388 ἔστιν
1102 3335 1137 3373 V·

165 3411 206 3459 11.
229 3412 286 3461 των
299 3404 373 3476 (pr.)]
392 3420 445 3459 om.
465 3404 491 3459 b.
547 3426 604 3475 γων
636 3406 719 3477 ]0m.
740 3405 766 3460 b.
824 3410 865 3458 12.
885 3403 943 3459 ἐστι
961 3404 1040 3460 cod
1088 3395 1136 3449 1⁸·

128 3476 308 3547 σολον.
377 3476 447 3548 Ar]
469 3480 513 3530 ΓΑ
532 3476 559 3531 b.
638 3481 679 3531 15.
700 3477 763 3547 EA]
783 3478 836 3529 ΑΕ
854 3475 880 3529 b.
954 3461 1133 3548 &momb-
