2356 3818
135 147 201 210 222
327 103 330 107 ¹
549 148 740 200 APPENDIX.

201 288 270 355 ἐπεὶ
293 291 356 375 γὰρ
380 292 417 355 τὸ
439 289 502 354 ἀπὸ
521 299 579 374 τῆς
597 294 663 354 ΑΒ
686 297 747 354 τοῦ
766 288 829 353 ἀπὸ
848 296 907 373 τῆς
924 292 996 354 ΒΓ
1014 287 1146 354 δοθέντι

133 399 244 481 μεῖζόν
263 395 363 480 ἐστιν,
383 395 571 480 ἀφῃρήσθω
591 397 628 460 τὸ
647 391 752 460 δοθὲν
770 396 807 460 τὸ
824 394 890 459 ὑπὸ
904 406 974 460 τῶν
987 401 1020 460 A
1026 398 1067 480 B,
1076 399 1145 459 BA·

134 503 251 566 λοιτιὸν
278 504 342 588 όροι
369 503 407 566 τό
434 501 500 566 ὑπὸ
527 513 595 566 τῶν
617 505 694 585 BA,
713 506 779 565 AA
811 507 886 565 ἴσον
914 498 984 566 ἐστὶ
1011 509 1059 588 τῷ
1087 500 1144 566 ἀπὸ

132 617 190 691 τῆς
212 611 284 672 ΒΓ.
329 605 385 672 καὶ
413 605 483 672 ἐπεὶ
511 606 616 672 όοθέν
638 607 707 672 ἐστι
734 608 772 671 τὸ
794 607 860 672 ὑπὸ
883 617 952 671 τῶν
976 610 1059 690 AB,
1078 609 1142 689 BP,

97 716 202 779 οέστι
230 710 267 777 δὲ
294 711 349 778 ιιαλ
376 715 414 778 τὸ
441 713 507 778 ὑπὸ
530 724 599 777 τῶν
621 717 702 797 AB,
722 717 784 777 BA
811 711 931 795 δοθέν,
963 715 1065 794 λόγος
1086 714 1142 797 ἄρα

131 829 191 884 τοῦ
218 820 284 884 ὑπὸ
312 830 380 884 τῶν
407 824 487 901 AB,
512 823 574 883 BA
605 820 689 903 πρὸς
719 820 757 883 τὸ
790 819 855 884 ὑπὸ
883 828 951 883 τῶν
980 823 1064 902 AB,
1088 820 1146 883 ΒΓ

132 927 256 1002 ὃοθείς.
301 929 360 989 καί
381 923 481 1007 ἐστιν,
505 925 550 1002 ὡς
572 926 609 989 τὸ
634 924 700 990 ὑπὸ
723 935 792 989 τῶν
813 928 895 1008 AB,
914 927 979 989 BA
1005 925 1090 1009 πρὸς
1109 924 1140 988 τὸ

130 1031 196 1095 ὑπὸ
219 1042 287 1095 τῶν
310 1034 387 1114 ΑΒ,
406 1033 477 1114 ΒΓ,
501 1030 608 1106 οὕτως
630 1031 650 1114 ἡ
669 1035 737 1095 AB
759 1032 842 1115 πρὸς
860 1033 940 1094 ΒΓ·
965 1033 1065 1112 λόγος
1085 1031 1140 1115 ἄρα

130 1134 186 1201 καλ
209 1146 267 1220 τῆς
286 1141 352 1200 AB
375 1137 459 1222 πρὸς
476 1139 544 1200 ΒΓ
562 1137 689 1212 όοθείς·
712 1139 811 1217 λόγος
833 1137 898 1220 ἄρα
919 1132 977 1200 καὶ
998 1144 1061 1200 τοῦ
1084 1135 1138 1199 ιἰιιὸ

78 1251 111 1300 10
130 1251 188 1325 τῆς
214 1246 281 1307 AB
314 1243 396 1326 πρὸς
428 1243 465 1307 τὸ
493 1241 557 1306 ἀπὸ
585 1251 643 1326 τῆς
669 1245 737 1305 ΒΓ
764 1242 887 1318 ὃοθείς.
942 1250 989 1329 τῷ
1018 1238 1057 1306 δὲ
1083 1240 1137 1305 ἀπὸ

129 1356 188 1430 τῆς
207 1351 268 1412 ΓΒ
292 1354 366 1413 ἴσον
388 1349 425 1412 τὸ
444 1348 510 1413 ὑπὸ
529 1359 596 1413 τῶν
617 1351 689 1431 BA,
708 1353 787 1411 ΑΔ·
811 1351 909 1430 λόγος
927 1348 994 1433 ἄρα
1012 1345 1136 1412 καὶτοῦ

132 1453 197 1518 ὑπὸ
221 1464 289 1519 τῶν
311 1458 388 1538 BA,
407 1460 474 1518 AA
502 1456 585 1538 πρὸς
611 1454 648 1518 τὸ
672 1452 736 1518 ἀπὸ
759 1462 817 1538 τῆς
839 1457 907 1517 AB
931 1454 1059 1530 όοθείς·
1089 1448 1136 1516 καὶ

130 1567 190 1623 τοῦ
214 1560 363 1646 τετράκις
386 1562 450 1646 ἄρα
472 1560 538 1625 ὑπὸ
561 1569 628 1624 τῶν
646 1565 717 1643 BA,
732 1565 798 1623 AA
820 1560 901 1643 μετὰ
922 1568 985 1624 τοῦ
1006 1558 1071 1624 ἀπὸ
1088 1565 1136 1640 τῆς

130 1669 198 1729 AB
230 1668 313 1751 πρὸς
344 1667 382 1730 τὸ
411 1665 474 1730 ἀπὸ
502 1674 560 1748 τῆς
586 1669 650 1729 BA
682 1668 781 1747 λόγος
813 1666 937 1741 ὃοθείς.
993 1664 1077 1729 ἀλλὰ
1104 1663 1134 1726 τὸ

76 1781 110 1830 15
128 1771 277 1855 τετράκις
308 1772 373 1836 ὑπὸ
405 1781 473 1835 τῶν
504 1776 581 1854 BA,
604 1776 671 1835 AA
701 1772 783 1854 μετὰ
814 1779 874 1835 τοῦ
907 1769 972 1835 ιἰττὸ
998 1779 1058 1855 τῆς
1082 1773 1134 1834 BA

127 1877 165 1941 τὸ
189 1876 252 1941 ἀπὸ
277 1874 532 1963 συναμφοτέρου
554 1885 613 1961 τῆς
635 1882 711 1961 BA,
730 1882 798 1941 AA
820 1877 922 1942 ἐστιν·
957 1879 1057 1959 λόγος
1080 1876 1133 1959 ἄρα

127 1979 265 2047 καὶτοῦ
289 1982 352 2047 ἀπὸ
376 1981 631 2069 συναμφοτέρου
654 1991 713 2067 τῆς
732 1986 804 2067 BA,
822 1988 890 2046 AA
911 1983 997 2068 πρὸς
1020 1983 1057 2047 τὸ
1078 1979 1132 2044 ἆιιὸ

126 2097 185 2170 τῆς
216 2093 282 2151 AB
316 2088 443 2165 όοθείς·
481 2092 579 2171 λόγος
611 2089 675 2175 ἄρα
707 2086 763 2152 καὶ
795 2086 1053 2173 συναμφοτέρου
1082 2092 1132 2167 τῆς

127 2197 199 2275 BA,
213 2198 280 2256 AA
297 2196 380 2279 πρὸς
399 2199 465 2258 AB
484 2195 608 2270 όοθείς.
635 2192 691 2258 καὶ
706 2191 867 2259 συνθέντι
885 2190 1131 2278 συναμφοτέρου

74 2308 108 2358 20
126 2305 184 2381 τῆς
211 2301 287 2383 BA,
310 2305 376 2363 AA
407 2302 487 2384 μετὰ
514 2309 572 2383 τῆς
597 2304 681 2384 AB,
713 2297 863 2365 τουτέστι
890 2299 953 2364 δύο
980 2308 1050 2365 τῶν
1075 2299 1132 2362 ΑΒ

125 2404 209 2490 πρὸς
236 2408 299 2468 BA
327 2409 425 2489 λόγος
453 2403 522 2471 ἐστὶ
550 2407 677 2482 ὃοθελς·
710 2404 765 2470 καὶ
792 2413 850 2489 τῆς
872 2409 939 2468 AB
967 2406 1034 2492 ἄρα
1059 2403 1131 2490 πρὸς

125 2513 189 2574 BA
221 2514 318 2593 λόγος
350 2509 419 2577 ἐστὶ
451 2512 574 2587 όοθείς.
629 2519 687 2595 τῆς
714 2509 752 2575 δὲ
778 2514 845 2575 AB
877 2511 961 2596 πρὸς
988 2512 1052 2595 τὴν
1077 2507 1134 2573 ΒΓ

126 2619 224 2700 λόγος
252 2615 321 2682 ἐστὶ
350 2619 477 2694 όοθείς·
509 2614 565 2681 καλ
587 2625 646 2700 τῆς
667 2621 734 2682 ΑΒ
762 2619 826 2703 ἄρα
847 2617 931 2702 πρὸς
953 2619 1025 2681 ΒΓ
1045 2617 1131 2697 λόγος

125 2723 248 2800 όοθείς.
284 2721 340 2788 καὶ
364 2720 433 2788 ἐπεὶ
456 2726 554 2806 λόγος
576 2731 635 2807 τῆς
656 2726 723 2788 AB
745 2723 829 2809 πρὸς
851 2726 913 2786 BA
937 2722 1063 2807 ὃοθείς,
1083 2719 1133 2784 τινί

72 2837 106 2888 2ο
126 2827 226 2912 ἐστιν,
250 2829 295 2904 ὡς
312 2827 333 2910 ἡ
348 2832 414 2892 AB
432 2830 515 2915 πρὸς
534 2832 607 2912 BA,
630 2828 736 2905 οὕτως
758 2829 795 2892 τὸ
814 2827 878 2893 ἀπὸ
896 2835 956 2911 τῆς
969 2832 1036 2893 ΑΒ
1057 2826 1131 2912 πρὸς

125 2935 162 2998 τὸ
185 2933 251 2998 ὑπὸ
274 2944 341 2998 τῶν
360 2939 436 3018 AB,
450 2939 525 3018 BA,
548 2937 646 3016 λόγος
669 2937 733 3021 ἄρα
755 2932 812 2999 καὶ
833 2941 894 2998 τοῦ
913 2932 977 2999 ἀπὸ
997 2941 1055 3017 τῆς
1072 2932 1129 2996 ΑΒ

124 3040 208 3124 τιρὸς
230 3039 267 3103 τὸ
290 3038 355 3103 ὑπὸ
379 3050 447 3105 τῶν
469 3044 547 3124 AB,
566 3044 630 3104 BA
653 3041 777 3117 όοθείς.
823 3034 927 3104 δοθὲν
950 3034 989 3103 δὲ
1014 3040 1052 3103 τὸ
1072 3035 1127 3101 ὑπὸ

125 3154 192 3209 τῶν
211 3150 244 3208 Α
249 3148 288 3229 Β,
308 3148 371 3210 BA
376 3165 383 3180 ·
408 3146 513 3222 οὕτως
536 3147 599 3231 γὰρ
624 3143 729 3211 όοθλν
748 3142 927 3231 ἀφῄρηται·
951 3141 1057 3221 δοθὲν
1073 3144 1127 3227 ἄρα

194 3413 219 3462 2.
238 3407 307 3461 Post
325 3403 416 3462 δοθέν
435 3407 499 3461 add.
518 3407 567 3462 καὶ
587 3407 654 3462 ἔστω
672 3409 759 3480 Vat,
832 3412 856 3461 3.
875 3408 927 3479 τῷ]
946 3407 1027 3463 τόΡ.
1090 3405 1126 3457 10.

120 3477 172 3550 τῷ]
194 3476 276 3534 τόΡ.
365 3483 406 3532 12.
431 3477 501 3550 ἀπό]
522 3478 578 3533 ὑπό
601 3479 688 3550 Vat..
771 3483 813 3532 14.
838 3477 895 3532 ἐστὶ
913 3476 1014 3542 όοόελς
1035 3475 1125 3544 Vatu-
