2356 3818
522 131 686 184 SCHOLIA.
1037 127 1102 191 319

163 275 237 339 207.
260 272 331 357 ’Ίση
351 274 425 359 ἄρα,
444 276 558 358 φησίν,
582 272 663 356 ὡςὴ
684 277 756 337 ΖΗ
769 284 808 359 τῇ
827 278 905 356 ΗΛ,
927 270 1021 356 καὶὴ
1042 277 1104 338 ΘΖ

96 390 135 465 τῇ
167 385 251 444 ΑΔ·
290 380 447 462 ἰσογώνια
479 381 541 466 γὰρ
574 380 614 443 τὰ
646 384 773 463 ΑΔΗ,
800 383 909 444 ΗΘΖ
945 383 1102 466 τρίγωνα·

95 488 316 572 παραλλήλων
347 487 411 571 γὰρ
443 486 554 551 οὐσῶν
586 496 654 550 τῶν
685 492 764 569 AA,
787 491 866 569 ΕΘ,
898 488 936 551 αἴ
965 484 1103 564 ἐναλλὰξ

96 595 213 675 γωνίαι
241 593 278 656 αἴ
302 592 367 657 ὑπὸ
390 596 510 676 ΑΔΗ,
529 596 634 656 ΗΖΘ
662 598 730 657 ἴσαι
757 594 850 656 εἴσίν.
895 589 959 657 scol
987 590 1024 656 δὲ
1047 593 1103 656 διὰ

98 700 157 763 τὸν
180 698 283 763 αὐτὸν
305 701 405 780 λόγον
430 696 486 762 καὶ
510 700 548 763 αἴ
567 699 632 764 ὑπὸ
655 704 721 763 ΛΑ
728 703 770 782 Θ,
788 704 821 763 Α
829 703 890 764 ΘΖ
914 705 983 763 ἴσαι
1006 698 1104 782 ἀλλή-
1140 709 1156 758 5

96 809 181 881 λαις·
213 803 269 870 καὶ
299 806 335 869 αἴ
364 806 447 890 πρὸς
479 814 524 893 τῷ
552 809 592 869 Η
616 806 698 869 κατὰ
730 806 883 891 κορυφὴν
911 800 1007 870 οὖσαι
1035 811 1104 871 ἴσαι

96 912 194 976 εἰσίν·
225 914 314 976 ἔστιν
341 912 418 996 ἄρα,
445 912 489 986 ὡς
516 910 536 994 ἡ
560 915 631 976 ΗΘ
656 913 740 994 πρὸς
762 915 848 994 ΗΑ,
881 910 901 994 ἡ
926 915 999 975 ΖΗ
1020 913 1104 997 πρὸς

97 1021 174 1082 ΗΛ.
221 1023 275 1100 ἴση
300 1013 337 1081 δὲ
359 1016 379 1099 ἡ
405 1021 478 1082 ΘΗ
500 1028 539 1103 τῇ
561 1021 647 1083 ΗΑ·
681 1024 733 1102 ἴση
758 1020 821 1104 ἄρα
844 1016 899 1082 καὶ
925 1019 946 1102 η
970 1022 1041 1082 ΖΗ
1058 1029 1103 1104 σῇ

96 1127 177 1188 ΗΛ.
224 1123 345 1207 ὁμοίως
366 1121 464 1206 καὶὴ
491 1128 552 1188 ΘΖ
575 1134 615 1210 τῇ
638 1130 709 1189 ΑΛ
732 1131 785 1208 ἴση
810 1124 907 1190 ἐστίν.

163 1248 238 1314 208.
264 1244 380 1313 Λοθῖιι
398 1250 462 1334 ἄρα
481 1249 553 1314 ἐστί
566 1272 598 1333 p.
615 1250 688 1334 186,
707 1249 762 1332 15]
785 1250 822 1314 τὸ
840 1248 906 1314 ὑπὸ
924 1260 991 1314 τῶν
1005 1253 1104 1314 ΕΖΘ
1122 1259 1156 1309 10

97 1352 200 1419 δοθέν
224 1353 292 1418 ἐστι
316 1356 431 1419 διὰτὸ
455 1353 520 1438 ηβ’.

168 1552 228 1601 207.
248 1547 414 1615 Pvatsoq.
488 1552 547 1600 208.
567 1546 597 1600 P.

166 1730 190 1778 4.
211 1722 271 1796 διά]
291 1723 340 1779 διὰ
356 1722 412 1778 ὑπό
430 1723 459 1778 P.
