2356 3818
444 114 723 167 PROLEGOMENA.
1052 111 1089 167 LI

77 253 286 324 διαγράμμασιν
311 252 362 317 ἕως
383 262 433 309 τοῦ
452 254 479 309 o'
499 254 548 308 acl
567 254 601 308 θ’
621 253 673 308 δύο
697 251 748 323 μέν
772 249 846 308 ἔστιν
869 253 915 308 ἐπὶ
937 254 1088 325 τριγώνων,
1149 302 1153 309 .

76 333 107 388 δ’
123 333 155 388 δὲ
176 329 223 388 ἐπὶ
240 333 378 388 πλειόνων
397 334 518 388 εὐθειῶν
537 333 676 403 ἀνάλογον
696 335 793 390 οὐσῶν.
822 334 857 388 τὰ
874 333 906 388 δὲ
921 329 984 402 ἑξῆς
997 334 1025 403 γ’
1042 331 1089 388 ἐπὶ

75 413 128 469 δύο
153 414 275 469 εὐθειῶν
300 412 452 485 [ἀνάλογον
477 415 581 482 οὐσῶν,
604 413 639 467 τὰ
662 411 690 467 δ’
712 411 799 484 ἔστιν]
808 415 828 483 ¹)
851 411 940 469 δοθέν
961 435 988 468 τι
1010 432 1089 483 περι-

75 503 199 565 εγοοσῶν
223 496 333 566 χωρίον,
380 492 415 548 τὰ
439 493 470 549 δὲ
495 489 542 548 ἐπὶ
564 503 650 548 πᾶσιν
673 492 704 562 ιγ’
725 491 776 555 ἕως
798 501 847 548 τοῦ
872 493 902 564 q'
923 489 954 548 ἐν
977 493 1089 556 κύκλοις

75 577 222 629 δείκνυται
240 580 299 636 τοῖς
317 573 368 643 μὲν
387 571 502 643 μεγέθει
521 573 609 643 μόνον
627 569 798 642 δεδομένοις,
817 578 876 635 τοῖς
889 573 920 627 δὲ
935 573 984 628 καὶ
999 570 1087 628 θέσει.

75 651 259 726 [*ἀγομε’νων
279 656 400 709 εὐθειῶν
420 653 494 708 ἐστιν
517 653 566 708 διὰ
589 652 743 723 δεδομένον
762 651 877 722 σημείου
898 653 932 706 ιὰ
950 651 1089 722 γενόμενα

74 733 224 803 δεδομένα.
246 733 267 803 ¹)

146 734 260 883 Pappia
278 813 367 883 igitur
384 813 540 884 nonaginta
553 813 758 883 propositiones
772 812 874 867 habuit
888 830 921 867 ac
935 812 1088 867 uidendum

76 892 134 960 est,
158 909 228 960 quas
248 909 282 946 ex
300 893 457 963 nonaginta
474 894 649 962 quattuor³)‚
672 909 745 961 quae
768 893 799 946 in
821 893 924 948 nostris
944 891 1087 947 codicibus

74 970 270 1038 inueniuntur,
297 990 354 1027 non
371 973 540 1043 habuerit⁴).
578 975 662 1041 atque
685 973 716 1027 in
734 974 831 1044 primis
853 973 1001 1045 sexaginta
1019 973 1088 1026 dua·

75 1051 160 1121 busl)
178 1052 418 1122 propositionibus
431 1053 523 1124 Pappi
541 1052 724 1107 summarium
742 1072 806 1109 cum
823 1055 968 1110 codicibus
984 1051 1087 1108 nostris

76 1131 237 1187 concordat.
267 1149 301 1186 ex
319 1133 558 1203 propositionibus
578 1139 682 1187 63-66
702 1151 787 1188 unam
805 1151 861 1188 non
879 1133 980 1188 habuit
997 1147 1088 1201 neque

76 1209 136 1264 alia
154 1227 214 1266 esse
232 1215 329 1282 potest
346 1213 402 1267 nisi
420 1231 498 1283 prop.
514 1218 556 1281 63,
576 1230 648 1281 quae
668 1230 683 1268 e
700 1231 778 1284 prop.
793 1220 828 1268 49
846 1213 982 1269 facillime
1002 1211 1087 1267 effici-

74 1292 129 1346 tur.
168 1295 323 1360 sequuntur
345 1293 477 1363 deinceps
501 1294 577 1363 apud
599 1293 727 1364 Pappum
753 1297 861 1364 septem
882 1291 1088 1364 propositiones

73 1371 110 1425 de
130 1372 413 1445 parallelogrammis,
431 1373 462 1427 in
479 1372 583 1427 nostris
603 1376 697 1427 autem
712 1373 856 1428 codicibus
876 1376 941 1427 sunt
954 1372 1086 1441 quinque,

74 1467 177 1521 propp.
192 1457 235 1519 68,
255 1458 298 1522 69,
319 1457 360 1522 70,
382 1458 424 1524 73,
445 1458 486 1507 74,
525 1452 691 1506 crediderim
713 1453 743 1507 in
766 1453 919 1522 exemplari
942 1452 1002 1506 eius
1024 1466 1087 1521 pro-

74 1529 231 1598 positiones
251 1537 284 1586 70
303 1535 332 1586 et
352 1538 384 1586 73
403 1533 434 1586 in
451 1532 533 1586 binas
553 1531 659 1586 diuisas
679 1533 766 1588 fuisse
786 1538 815 1588 et
831 1533 1036 1605 propositiones
1052 1531 1087 1584 do

75 1609 227 1680 triangulis
237 1615 290 1682 (71,
298 1615 390 1683 72,75)
400 1615 546 1680 tamquam
556 1608 701 1682 ἐπιλόγοις
712 1614 833 1668 numeris
844 1613 979 1679 caruisse;
993 1610 1086 1676 miror,

76 1689 154 1758 quod
171 1707 248 1761 prop.
264 1697 297 1744 74
317 1692 410 1746 diuisa
427 1709 485 1746 non
503 1694 570 1746 erat.
604 1708 667 1745 cum
686 1693 759 1747 duae
778 1709 850 1762 quae
870 1692 946 1763 apud
959 1691 1087 1759 Pappum

76 1774 232 1839 sequuntur
248 1771 454 1843 propositiones
474 1768 520 1827 ἐπὶ
533 1772 674 1842 τριγώνων
693 1772 822 1844 intellegi
839 1789 896 1825 non
909 1769 1019 1842 possint
1031 1767 1087 1822 nisi

74 1867 174 1920 propp.
197 1856 229 1905 76
248 1855 277 1906 et
295 1858 343 1921 80,
368 1852 500 1921 efficitur,
524 1852 553 1905 in
577 1852 730 1922 exemplari
749 1853 808 1906 eius
834 1869 931 1923 propp.
952 1855 985 1903 77
1005 1849 1034 1902 ο6
1053 1850 1086 1900 78

75 1929 199 1984 defuisse
217 1948 269 1986 nec
283 1931 469 2002 propositioni
485 1937 517 1985 79
545 1932 621 2000 quod
639 1948 737 2003 reapse
754 1932 857 1986 lemma
871 1935 921 2000 est,
940 1944 1087 1985 numerum

74 2010 250 2080 adscriptum
267 2012 361 2067 fuisse.
399 2014 532 2080 quattuor
552 2015 646 2066 autem
663 2012 902 2083 propositionibus
925 2007 971 2065 aa
992 2007 1087 2063 πλειό-

74 2109 132 2144 νων
162 2091 284 2146 εὐθειῶν
312 2090 452 2160 ἀνάλογον
480 2094 570 2147 οὐσῶν
602 2092 632 2146 in
659 2092 803 2149 codicibus
833 2092 1003 2163 respondent
1028 2092 1085 2143 tres

75 2186 173 2240 propp.
189 2175 232 2240 81,
248 2176 291 2240 82,
307 2176 349 2241 86,
374 2173 403 2226 et
420 2171 544 2243 Hciberg
563 2172 692 2239 (Studien
710 2191 737 2242 p.
752 2173 815 2242 223)
833 2174 908 2226 recte
927 2169 1085 2240 suspicatus

75 2252 132 2318 est,
160 2250 191 2305 in
208 2251 299 2322 Pappi
322 2250 395 2306 libro
417 2252 637 2322 propositionem
655 2257 688 2306 81
712 2252 743 2305 in
761 2252 832 2306 duas
851 2251 972 2305 diuisam
989 2248 1085 2302 fuisse.

75 2329 187 2398 reliqua
200 2347 264 2385 cum
279 2330 484 2400 antiquissimis
498 2333 641 2387 codicibus
657 2335 685 2387 et
697 2332 751 2386 hac
761 2332 884 2386 editione
895 2329 1084 2386 consentiunt:

74 2412 133 2463 tres
147 2409 239 2481 Pappi
251 2411 457 2481 propositiones
477 2411 523 2466 ἐπὶ
541 2413 594 2476 δύο
608 2415 728 2468 εὐθειῶν
748 2415 813 2466 sunt
825 2429 923 2482 propp.
935 2417 978 2478 84,
993 2414 1036 2478 85,
1050 2413 1085 2461 86

74 2492 104 2544 et
128 2492 194 2544 octo
216 2491 252 2545 de
276 2491 387 2546 circulis
405 2503 502 2562 propp.
517 2497 630 2547 87-94.
672 2489 773 2560 quodsi
790 2489 881 2558 Pappi
904 2487 1086 2542 summarium

73 2586 191 2626 numero
210 2571 433 2640 propositionum
451 2588 469 2624 a
488 2571 631 2627 codicibus
649 2570 754 2624 nostris
772 2567 939 2638 dissentit⁶)‚
962 2567 1085 2621 omnium

148 2745 162 2792 1
195 2737 306 2809 Ἀνάλογ
308 2760 393 2794 ον-
413 2738 487 2795 ἔσιιν
507 2740 560 2796 del.
580 2739 707 2794 Hultsch

147 2815 164 2862 2
195 2759 398 2880 Ἀγομένων-
418 2810 558 2881 δεδομένα
577 2811 631 2866 del.
651 2809 777 2864 Hultsch.

148 2883 175 2948 3)
195 2879 272 2944 Quae
290 2881 376 2952 uulgo
395 2884 439 2936 est
455 2899 534 2953 prop
549 2887 591 2945 87,
610 2882 657 2936 hic
674 2899 731 2936 non
748 2897 872 2936 numero.

146 2953 174 3020 4)
197 2951 230 3005 U
249 2952 395 3007 Fabricius
417 2953 490 3008 Bibl.
507 2902 558 3008 Gr
577 2924 653 3022 le
656 2958 710 3007 78
721 2970 775 3021 sq
803 2951 989 3006 Heilbronner
1011 2949 1084 3005 Hist
1102 2972 1109 2983 ·

71 3022 201 3092 Mathp
203 3028 290 3078 .·162
283 3024 432 3096 ,Hciberg
451 3024 569 3079 Studien
586 2972 656 3078 iibepr
673 2995 811 3094 Euclidp
814 3028 885 3079 222
896 3039 937 3092 sq

147 3095 173 3163 5)
147 3041 290 3148 5pUerba
312 3103 367 3149 τῶν
390 3095 422 3151 δὲ
441 3091 625 3165 ἐχομένων
601 3114 613 3149 ε
645 3095 677 3149 τὸ
701 3095 752 3164 μὲν
775 3103 886 3164 πρῶτον
904 3087 1084 3175 γραφόμενον

72 3159 150 3219 ἔστιν
169 3164 287 3218 dubium
304 3183 361 3221 non
379 3168 423 3220 est
441 3167 510 3235 quin
528 3166 565 3220 ad
583 3181 661 3235 prop.
676 3172 710 3220 62
728 3165 875 3221 referenda
894 3163 963 3233 sint,
986 3178 1084 3232 quam·

71 3252 161 3304 quam
184 3236 319 3362 ροιιοεὰρ,
347 3236 527 3308 γραφόμενον
550 3236 622 3290 illud
643 3254 689 3292 me
710 3254 811 3307 parum
830 3235 997 3307 intellegere
1018 3236 1084 3303 (τῶν

71 3327 127 3376 γα
153 3326 167 3361 ο
204 3313 279 3361 cciv?

71 3327 106 3377 w
128 3326 230 3446 φ6)μΙο
249 3310 407 3448 Spiiaericis
426 3395 537 3448 quoque
556 3378 707 3433 Theodosii
728 3378 872 3449 Pappus
864 3397 894 3432 m
916 3391 966 3447 pro

69 3465 141 3502 num
154 3465 269 3503 numero
284 3466 347 3504 cum
360 3450 462 3504 nostris
477 3449 650 3505 editionibus
664 3449 756 3503 minus
771 3448 914 3518 congruit3
927 3464 955 3504 u.
