2356 3818
122 133 165 198 80
525 137 728 187 AEAOMENA.

189 281 271 343 ἔστω
299 279 463 364 τρίγωνον
490 279 528 342 τὸ
552 281 657 342 ΑΒΓ
682 281 762 362 μίαν
789 280 865 361 ἔχον
892 280 1023 360 γωνίαν
1045 277 1131 343 δεδο

122 381 225 467 μένην
248 385 309 468 τὴν
331 384 396 448 ὑπὸ
419 394 487 448 τῶν
510 387 615 466 ΒΑΓ,
640 381 715 470 περὶ
738 381 775 448 δὲ
798 385 903 467 ἄλλην
925 387 1055 466 γωνίαν
1077 385 1131 467 τὴν

122 489 188 554 ὑπὸ
207 501 274 554 τῶν
288 493 392 554 ΑΒΓ
410 491 447 554 αί
462 487 602 575 πλευραὶ
620 491 658 554 αί
673 489 752 573 ΑΒ,
767 493 835 554 ΒΓ
853 493 955 572 λόγον
975 488 1130 574 ἐχέτωσαν

123 596 206 679 πρὸς
228 594 370 678 ἀλλήλας
389 594 582 679 δεδομένον·
606 594 700 678 λέγω,
724 596 830 660 ὅτιτὸ
849 600 955 662 ΑΒΓ
972 599 1131 683 τρίγωνον
1173 634 1175 661 ι

89 714 104 762 ὁ
124 700 255 765 δέδοται
278 711 324 789 τῷ
348 704 438 767 εῖδει.

189 810 233 892 μὴ
262 811 344 873 ἔστω
372 809 414 891 δὴ
442 808 462 891 ἡ
490 808 650 873 ὑπὸτῶν
673 812 774 873 ΒΑΓ
797 812 901 892 γωνία
927 809 1031 893 ὀρθή,
1064 805 1128 873 ἀλλ’

124 918 205 979 ἔστω
228 919 391 1001 πρότερον
409 913 507 997 ὀξεῖα,
530 912 586 978 καὶ
603 916 698 997 ἤχθω
718 915 782 980 ἀπὸ
801 924 861 980 τοῦ
879 919 908 979 Β
928 918 1067 999 σημείου
1085 911 1129 979 ἐπὶ

123 1021 185 1103 τὴν
208 1026 240 1083 Α
246 1023 278 1084 Γ
299 1020 438 1096 κοίθετοςΙ
466 1019 485 1102 ἡ
514 1024 585 1084 ΒΛ.
641 1018 710 1084 ε’ττελ
738 1021 878 1085 δοθεῖσα
906 1020 997 1086 ἐστιν
1024 1020 1044 1103 ἡ
1072 1020 1128 1084 ὑπὸ

124 1131 220 1189 BAA
247 1129 367 1208 γωνία,
399 1129 468 1190 ἔστι
496 1122 533 1189 δὲ
559 1124 615 1189 καί
642 1126 662 1208 ἡ
685 1126 750 1191 ὑπὸ
775 1137 842 1191 τῶν
864 1130 960 1191 BAA
989 1129 1128 1207 δοθεῖσα,

72 1245 106 1294 10
124 1229 180 1294 καλ
198 1234 295 1314 λοιπὴ
315 1233 379 1317 ἄρα
397 1232 417 1315 ἡ
436 1231 500 1296 ὑπὸ
519 1243 587 1296 τῶν
601 1237 701 1296 ΑΒΔ
720 1233 859 1297 δοθεῖσό
878 1232 982 1298 ἐστιν·
1006 1231 1128 1298 δέδοται

124 1338 248 1421 ἄρατὸ
272 1342 368 1401 BAA
395 1342 560 1424 τρίγωνον
587 1348 632 1425 τῷ
661 1339 754 1403 εῖδει·
788 1342 885 1420 λόγος
908 1340 973 1420 ἄρα
996 1347 1054 1422 τῆς
1076 1341 1129 1401 ΒΑ

124 1418 206 1527 πρδς
233 1444 293 1525 τὴν
321 1449 387 1507 BA
415 1445 537 1521 δοθείς.
590 1443 672 1509 ἀλλὰ
699 1454 757 1528 τῆς
785 1449 850 1509 ΑΒ
878 1446 961 1530 πρὸς
989 1446 1051 1528 τὴν
1076 1444 1133 1507 ΒΓ

126 1552 222 1630 λόγος
255 1548 323 1613 ἐστὶ
352 1550 479 1626 δοθείς·
516 1549 572 1615 καλ
603 1560 661 1634 τῆς
688 1555 755 1615 BA
786 1553 850 1638 ἄρα
877 1552 960 1637 πρὸς
987 1552 1049 1634 τὴν
1076 1549 1133 1613 ΒΓ

125 1658 222 1737 λόγος
245 1655 314 1721 ἐστὶ
337 1658 459 1734 δοθείς.
502 1661 560 1721 καί
581 1657 672 1722 ἐστιν
695 1657 782 1743 ὀρθὴ
805 1656 826 1739 ἡ
849 1657 914 1722 ὑπὸ
937 1667 1007 1721 τῶν
1025 1656 1127 1721 ΒΔΓ·

73 1775 106 1823 15
125 1759 257 1825 δέδοται
280 1764 344 1845 ἄρα
366 1763 403 1826 τὸ
422 1768 485 1826 BA
492 1767 523 1826 Γ
540 1767 705 1848 τρίγωνον
728 1773 773 1850 τῷ
797 1765 890 1828 εῖδει·
914 1763 1056 1828 δοθεῖσα
1074 1763 1129 1845 ἅμα

125 1866 215 1933 ἐστὶν
237 1867 257 1952 ἡ
281 1869 345 1934 ὑπὸ
369 1881 436 1934 τῶν
454 1873 549 1932 ΒΓΔ
572 1872 685 1951 γωνία.
723 1872 792 1934 ἔστι
815 1866 852 1933 δὲ
874 1867 930 1933 καὶ
948 1867 968 1950 ἡ
987 1869 1053 1934 ὑπὸ
1072 1878 1128 1933 τῶν

125 1977 226 2038 ΒΑΓ
248 1975 400 2039 δοθεῖσα·
433 1973 488 2039 καὶ
512 1976 609 2058 λοιπὴ
634 1977 697 2061 ἄρα
720 1975 740 2058 ἡ
763 1975 828 2040 ὑπὸ
851 1972 918 2040 τῶν
942 1977 1049 2039 ΑΒΓ
1070 1973 1129 2039 ἐστι
1171 1994 1175 2065 χ·

126 2081 278 2143 δοθεῖσα·
303 2079 435 2145 δέδοται
458 2083 522 2167 ἄρα
545 2083 582 2145 τὸ
606 2084 711 2146 ΑΒΓ
729 2084 894 2168 τρίγωνον
916 2090 962 2168 τῷ
987 2082 1078 2145 εῖδει.

192 2185 275 2250 ἀλλὰ
302 2188 344 2270 δὴ
372 2191 453 2251 έστω
486 2187 506 2269 ἡ
534 2187 599 2252 ὑπὸ
627 2199 695 2252 τῶν
722 2191 824 2252 ΒΑΓ
851 2189 956 2270 γωνία
990 2186 1131 2272 ἀμβλεῖα,

72 2305 107 2353 20
125 2289 180 2354 καὶ
204 2290 414 2375 ἐκβεβλήσθω
438 2294 459 2376 ἡ
479 2296 539 2357 ΓΑ
562 2291 615 2358 ἐπὶ
633 2296 670 2358 τὸ
689 2300 728 2377 Ε,
751 2293 806 2359 καὶ
828 2295 923 2377 ἤχθω
947 2292 1013 2358 ἀπὸ
1032 2302 1091 2358 τοῦ
1109 2294 1131 2355 Β

125 2401 261 2480 σημείου
290 2396 343 2462 ἐπὶ
369 2400 430 2482 τὴν
460 2403 527 2463 ΑΕ
557 2400 697 2476 κάθετος
724 2399 744 2482 ἡ
774 2403 845 2464 ΒΕ.
901 2396 971 2464 ἐπεὶ
1000 2395 1132 2464 δοθεῖσί

126 2501 216 2566 ε’στιν
238 2501 258 2585 ἡ
282 2502 346 2567 ὑπὸ
370 2515 437 2568 τῶν
460 2508 564 2587 ΒΑΓ,
592 2501 647 2567 καὶ
670 2504 690 2587 ἡ
714 2501 830 2588 ἐφεξῆς
853 2505 916 2589 ἄρα
939 2504 959 2587 ἡ
982 2503 1050 2569 ὑπὸ
1073 2513 1133 2568 τῶν

125 2612 228 2673 ΒΑΕ
254 2610 392 2674 δοθεῖσα
420 2610 518 2675 ἐστιν.
566 2613 634 2674 ἔστι
662 2608 699 2674 δὲ
725 2609 781 2675 καὶ
809 2610 828 2693 ἡ
856 2609 921 2674 ὑπὸ
945 2620 1015 2675 τῶν
1039 2614 1133 2675 ΒΕΑ

125 2715 276 2780 δοθεῖσα·
313 2714 368 2780 καὶ
400 2719 497 2801 λοιπὴ
530 2719 594 2802 ἄρα
625 2718 646 2801 ἡ
677 2717 742 2782 ὑπὸ
770 2727 838 2781 τῶν
865 2720 967 2780 ΕΒΑ
1000 2714 1133 2781 δοθεῖσί

73 2835 106 2883 25
127 2820 228 2886 ἐστιν·
253 2822 384 2887 δέδοται
408 2825 472 2909 ἄρα
495 2825 531 2887 τὸ
551 2828 648 2887 ΕΒΑ
670 2827 835 2910 τρίγωνον
857 2832 903 2910 τῷ
922 2822 1017 2887 εῖδει·
1042 2826 1133 2905 λόγος

197 3054 219 3103 1.
241 3049 316 3120 ἔχον]
336 3049 405 3120 έχων
424 3049 453 3103 Ρ.
537 3055 560 3103 2.
586 3047 628 3120 δέ]
649 3067 701 3103 om.
722 3067 746 3104 a.
830 3055 853 3103 6.
879 3049 953 3101 Ante
972 3048 1012 3116 μή
1031 3048 1094 3103 αδδ
1112 3044 1133 3099 εί

125 3115 176 3186 μὲν
200 3115 350 3189 οόνόοθή
373 3120 446 3175 ἐστιν
468 3121 486 3190 ἡ
511 3120 581 3188 τρδς
598 3126 636 3192 τῷ
655 3126 676 3173 Α
695 3119 795 3189 γωνία,
826 3118 969 3174 δέδεικται
991 3119 1024 3174 τδ
1049 3119 1132 3187 ὄνομα

126 3188 278 3258 δεδομένον
297 3196 335 3262 τῷ
355 3189 424 3244 είδει
442 3208 466 3244 ο.
542 3196 565 3245 8.
586 3188 662 3314 §mig
678 3208 730 3246 om.
746 3191 772 3246 b.
847 3196 888 3245 13.
908 3187 958 3245 καί
976 3222 1011 3231 -
1030 3196 1071 3245 14.
1090 3190 1131 3243 δο·

124 3258 199 3332 θείς]
219 3278 271 3315 om.
291 3262 318 3315 b.
381 3266 421 3315 14.
442 3259 625 3330 ΒΔΓγωνία
666 3306 670 3315 .
733 3266 773 3316 15.
795 3263 890 3333 ΒΔΓ]
910 3262 1041 3317 ABPb.
1094 3262 1129 3313 16.

125 3329 174 3386 καί
188 3364 222 3372 -
237 3337 278 3386 17.
299 3332 429 3402 δοθεῖσα]
450 3349 501 3387 om.
521 3351 547 3401 V,
567 3333 615 3387 καὶ
633 3333 716 3402 λοιπὴ
736 3332 791 3402 ἄρα
810 3333 827 3403 ἡ
846 3333 902 3387 δτδ
920 3341 977 3389 τῶν
995 3336 1072 3387 ΑΒΔ
1089 3331 1129 3385 δο-

125 3401 210 3457 θεῖσοί
229 3401 285 3456 ἐστι
304 3420 358 3471 mg.
378 3420 414 3457 m.
434 3409 457 3457 2.
533 3409 573 3458 18.
594 3403 642 3459 καλ
660 3404 691 3457 τό
711 3405 784 3472 Vah„
805 3403 858 3459 del.
878 3400 928 3458 καί
945 3421 981 3457 m.
997 3408 1022 3458 2.
1092 3402 1127 3453 19.

125 3472 195 3527 ἀλλὰ
214 3472 249 3541 δὴ
270 3472 348 3544 ἔστω]
367 3472 426 3526 ἀλλ’
445 3474 511 3528 ἔστω
530 3475 556 3528 b.
616 3477 683 3546 τῶν]
704 3492 756 3530 om.
776 3494 802 3530 v.
862 3480 904 3529 22.
923 3471 1036 3544 ἡ(α11;.)]
1054 3483 1126 3539 supr!
