2356 3818
109 114 155 178 20
514 116 719 167 Δαοοαααι.

109 267 171 323 τοῦ
199 261 265 322 BA
297 255 414 322 δοθέν·
448 257 527 322 ὅλον
556 258 619 342 γὰρ
647 259 685 322 τὸ
713 262 782 322 ΑΕ
812 254 920 323 δοθέν
955 256 1071 325 ἐστιν·
1103 260 1135 325 τό

112 369 179 428 BA
207 365 272 448 ἄρα
299 364 379 447 μετὰ
407 372 466 428 τοῦ
495 360 581 446 ἑξῆς,
614 364 696 448 πρὸς
724 363 742 428 ὃ
769 365 807 428 τὸ
834 366 905 429 ΒΓ
933 368 1048 449 λόγον
1076 368 1135 451 ἔχει

111 467 273 553 δοθέντα,
296 467 401 534 δοθέν
424 468 522 534 ἐστιν.

592 689 649 729 ια.

75 800 93 847 5
177 787 253 853 Ἐὰν
270 787 411 871 μέγεθος
429 786 593 872 μεγέθους
612 785 748 852 δοθέντι
766 789 876 871 μεῖζον
894 780 917 873 ᾖ
935 785 959 871 ἣ
981 788 1023 854 έν
1040 792 1133 879 λόγφ,

111 895 150 958 τὸ
174 894 255 959 αὐτὸ
279 893 334 958 καὶ
358 892 613 978 συναμφοτέρου
636 892 774 958 δοθέντι
795 894 906 977 μεῖζον
930 894 1034 963 ἔσται
1059 896 1081 981 ἦ
1102 894 1150 961 έν·

112 1002 216 1087 λόγφ,
244 998 300 1063 καὶ
328 998 386 1063 ἐὰν
413 1001 450 1063 τὸ
474 1000 554 1064 αὐτὸ
579 998 833 1085 συναμφοτέρου
857 997 1004 1065 δοθέντι
1028 1005 1131 1087 μεῖξον

110 1100 132 1190 ᾖ
157 1104 177 1188 ἢ
202 1104 238 1169 έν
261 1107 364 1192 λόγφ,
387 1108 424 1170 τὸ
448 1094 529 1170 αὐτὸ
553 1104 691 1170 καὶτοῦ
714 1110 833 1170 λοιποῦ
857 1103 1004 1172 δοθέντι
1027 1112 1131 1193 μεῖζον

112 1213 203 1274 ἔσται
226 1209 246 1293 ἢ
271 1210 307 1274 ἐν
330 1214 427 1298 λόγῳ.
776 1216 784 1231 ”

59 1329 93 1378 10
181 1314 323 1400 μέγεθος
345 1319 408 1403 γὰρ
431 1319 468 1381 τὸ
492 1322 558 1381 AB
581 1327 641 1382 τοῦ
665 1321 732 1382 ΒΓ
751 1315 888 1383 δοθέντι
910 1322 1033 1401 μεῖζον
1056 1322 1129 1385 ἕστο

113 1421 135 1504 ἢ
166 1420 202 1485 έν
229 1425 331 1509 λόγφ·
368 1421 468 1507 λέγω,
502 1424 552 1487 ότι
580 1422 635 1487 καὶ
662 1432 723 1488 τοῦ
750 1426 820 1488 ΑΓ
848 1421 994 1489 δοθέντι
1029 1426 1129 1511 μεῖζόν

112 1527 205 1593 ἐστιν
227 1527 248 1611 ἢ
272 1527 308 1593 έν
331 1531 427 1616 λόγῳ.

178 1633 249 1699 έττεὶ
275 1636 339 1720 γὰρ
365 1637 402 1699 τὸ
426 1639 492 1700 AB
521 1645 581 1699 τοῦ
605 1638 673 1699 ΒΓ
697 1634 833 1699 δοθέντι
860 1637 973 1718 μεῖζόν
1000 1632 1126 1717 έστινῆ

111 1740 148 1805 έν
172 1743 271 1829 λόγῳ,
295 1741 482 1826 ἀφῃρήσθω
506 1744 543 1805 τὸ
564 1739 668 1805 δοθὲν
686 1739 828 1825 μέγεθος
846 1741 883 1804 τὸ
902 1746 988 1806 ΑΔ·
1016 1746 1126 1809 λοιποῦ

60 1859 93 1908 15
113 1849 178 1933 ἄρα
196 1856 257 1911 τοῦ
275 1852 342 1911 ΛΒ
361 1849 444 1933 τιρὸς
462 1849 499 1911 τὸ
518 1850 586 1911 ΒΓ
602 1850 700 1929 λόγος
719 1845 788 1912 ἐστὶ
805 1847 929 1922 δοθείς.
964 1846 1126 1915 ἀνάπαλιν

111 1951 167 2016 καὶ
190 1951 350 2017 συνθέντι
374 1956 471 2034 λόγος
494 1951 562 2017 ἐστὶ
586 1961 646 2017 τοῦ
667 1956 727 2017 ΓΛ
750 1954 833 2038 πρὸς
850 1953 888 2016 τὸ
906 1956 976 2017 ΛΒ
1004 1956 1124 2031 δοθεές·

111 2058 131 2122 6
156 2057 255 2133 αὐτὸς
273 2057 362 2144 αὐτῷ
381 2057 541 2139 γεγονέτω
562 2059 579 2141 6
598 2067 659 2123 τοῦ
678 2064 744 2123 AA
766 2060 849 2144 πρὸς
866 2059 1012 2145 τὸΙΔΕ·
1038 2064 1125 2145 λόγος

111 2165 179 2248 ἄρα
197 2162 252 2227 καὶ
271 2171 331 2226 τοῦ
345 2167 410 2226 AA
428 2164 511 2248 πρὸς
529 2165 566 2228 τὸ
580 2169 650 2228 ΔΕ
666 2165 793 2240 δοθείς·
817 2159 922 2228 δοθὲν
942 2161 981 2229 δὲ
1001 2168 1042 2233 τὸ
1057 2168 1125 2231 ΑΔ·

113 2264 219 2332 δοθὲν
242 2269 306 2353 ἄρα
324 2266 379 2331 καὶ
397 2270 434 2332 τὸ
449 2273 528 2332 ΛΕ·
553 2271 635 2335 ὥστε
658 2268 714 2334 καὶ
737 2271 854 2334 λοιπὸν
876 2270 914 2333 τὸ
933 2274 1005 2335 ΕΑ
1030 2268 1124 2339 δοθέν

59 2388 96 2435 20
117 2374 216 2441 ἐστιν.
263 2376 331 2438 ἔστι
359 2370 396 2437 δὲ
423 2373 478 2438 καὶ
506 2374 586 2441 ὅλου
614 2385 674 2440 τοῦ
698 2379 768 2440 ΑΓ
791 2377 874 2460 πρὸς
901 2375 984 2440 ὅλον
1007 2380 1049 2444 τὸ
1071 2378 1123 2443 ΕΒ

114 2482 213 2563 λόγος
235 2481 362 2556 δοθείς·
391 2481 474 2545 ὥστε
496 2479 551 2544 καὶ
574 2490 634 2546 τοῦ
657 2485 720 2546 ΕΒ
744 2483 827 2566 πρὸς
849 2486 881 2545 A
888 2483 920 2545 Γ
938 2484 1043 2564 λόγος
1065 2476 1123 2551 ἐστὶ

113 2588 237 2663 δοθείς.
282 2589 341 2650 καί
356 2585 425 2651 ἐστι
444 2583 550 2651 δοθὲν
572 2589 609 2651 τὸ
633 2592 712 2651 AE·
736 2589 773 2651 τὸ
797 2592 863 2651 BA
890 2588 957 2672 ἄρα
979 2597 1045 2655 τοῦ
1067 2584 1126 2655 Ar

114 2691 251 2758 δοθέντι
274 2695 384 2777 μεῖζόν
407 2692 498 2757 ἐστιν
521 2690 541 2774 ἢ
565 2691 602 2756 ἐν
625 2695 723 2780 λόγφ.

182 2799 264 2864 ἀλλὰ
292 2799 333 2881 δὴ
361 2800 398 2863 τὸ
427 2803 494 2862 BA
522 2797 777 2883 συναμφοτέρου
804 2807 865 2864 τοῦ
892 2802 965 2862 ΑΓ
993 2800 1121 2867 δοθέντι

189 3029 212 3076 1.
232 3021 352 3076 όλον-
370 3023 456 3094 ἐστιν]
476 3041 530 3078 om.
550 3040 574 3076 a.
666 3022 770 3096 γόρ]α
751 3023 855 3091 ἄραΡ.
946 3030 972 3079 2
993 3027 1121 3095 μετὰτοδ

117 3092 190 3163 ἑξῆς]
210 3089 276 3161 μεθ’
299 3088 376 3147 ova
467 3101 491 3147 5.
511 3092 692 3181 δοθέντοςβ.
783 3102 807 3149 6.
833 3094 920 3165 ἔσται]
898 3112 1032 3169 ιοοιηφ.
1053 3098 1121 3161 Ἶσις

116 3164 186 3218 item
204 3162 253 3216 lin.
269 3168 293 3217 9.
368 3168 391 3216 7.
412 3180 482 3218 σννα
464 3162 640 3237 αμφοτέρφ(
631 3164 695 3234 (bis)
686 3167 739 3235 )β.
814 3171 855 3218 10.
875 3116 1024 3235 μεγέθους
1035 3176 1086 3225 του
1101 3182 1122 3221 ι

153 3240 194 3287 11.
218 3230 352 3305 καιΊοω.
371 3251 397 3287 v.
483 3222 705 3291 Ροολιιόόοόᾱ
724 3236 1010 3294 wammam
1087 3240 1122 3295 16

29 3304 32 3309 '
116 3302 235 3373 ἐατέον,
255 3307 284 3358 et
303 3305 343 3357 sie
361 3320 412 3374 per
428 3307 480 3359 tot.
499 3323 609 3376 propos
624 3310 705 3376 praet
693 3306 771 3361 t.erl
789 3314 821 3362 16
841 3310 913 3377 etp.
929 3313 974 3377 22,
990 3316 1033 3367 12.
1088 3312 1122 3365 ιθ

114 3373 181 3518 Ἢ
196 3392 249 3501 οΕτη.
268 3375 333 3431 Vat.
388 3376 534 3503 oc.lt66(pr)]
554 3395 606 3432 om.
627 3396 651 3434 a.
734 3384 775 3432 21.
795 3379 826 3433 τὸ
845 3383 901 3432 ΑΓ
915 3378 1015 3436 Vatv.
1086 3384 1122 3435 22

230 3452 296 3501 Aa.
369 3468 407 3501 αα
437 3467 452 3500 τ
487 3466 503 3503 a
