2356 3818
104 135 169 200 266
531 136 696 189 SCHOLIA.

170 281 223 345 23.
253 277 329 343 Ἐὰν
352 276 430 363 λέγῇ
455 279 505 344 ὅτι
529 276 662 343 δέδοται
686 279 760 364 ἄρα,
784 278 898 361 δῇλον,
921 277 975 342 ὅτι
996 286 1041 364 τῷ
1064 300 1115 362 με-

103 385 197 468 γέθει
220 385 310 472 αὐτῇ
330 385 491 450 δεδόσθαι
513 382 608 467 λέγει.
647 383 706 449 ἐὰν
724 381 907 468 δεδομένον
924 377 947 468 ᾖ
966 392 1012 470 τῷ
1031 384 1117 466 εῖδει,

104 490 191 574 λέγει
214 492 265 556 ὅτι
289 489 421 556 δέδοται
449 492 515 576 ἄρα
542 499 588 578 τῇ
614 491 704 556 εἴδει.
750 489 809 554 ἐὰν
832 487 1016 574 δεδομένον
1038 483 1059 575 ῇ
1081 498 1117 574 τῇ

104 597 208 680 θέσει,
231 596 319 679 λέγει
342 598 392 662 ὅτι
416 594 548 662 δέδοται
571 599 636 682 ἄρα
656 607 697 682 τῇ
714 594 817 669 θέσει.
854 599 1006 671 σπανίως
1022 595 1118 678 πάνυ,

69 703 163 768 ὀέδιν
189 698 211 790 ᾗ
240 701 419 788 δεδομένον
446 712 491 790 τῷ
519 701 668 787 μεγέθει,
701 700 787 785 λέγει
816 702 867 767 ὅτι
895 700 1032 766 δέδοται
1059 703 1119 787 ἄρα

104 819 150 897 τῇ
176 808 319 894 μεγέθει.
801 867 807 872 .

490 913 542 979 Ad
564 935 655 999 prop.
678 911 732 978 ΙΠ.

172 1040 222 1102 24.
248 1036 347 1103 Ὅλον
375 1039 439 1125 ἄρα
466 1061 497 1123 p.
517 1039 551 1122 8,
577 1036 633 1121 11]
663 1036 721 1102 ἐὰν
744 1037 807 1123 γὰρ
832 1042 887 1100 ἴσα
911 1042 1000 1113 λσοις
1022 1053 1120 1122 προσ-

104 1151 197 1229 τεθῇ,
221 1144 261 1208 τὰ
283 1145 391 1208 πάντα
410 1142 501 1209 ἐστὶν
525 1149 590 1208 ἴσα.

55 1333 87 1381 10
492 1318 544 1384 Ad
566 1341 657 1405 prop.
681 1319 738 1385 IV.

172 1443 225 1507 25.
259 1441 326 1508 Καὶ
357 1452 456 1508 τοῦτο
489 1443 728 1530 ἀντιστρόφιόν
760 1444 834 1508 ἐστι’
860 1464 932 1519 πως
966 1451 1027 1508 τοῦ
1059 1442 1119 1527 πρὸ

106 1548 224 1613 αὐτοῦ·
247 1551 284 1614 τὸ
304 1550 367 1635 γὰρ
386 1552 510 1636 κυρίως
528 1549 766 1635 ἀντιστρόφιον
784 1543 840 1631 ἦν·
862 1547 921 1612 έδιν
941 1544 1120 1632 δεδομένον

105 1653 246 1739 μέγεθος
274 1657 321 1731 εἰς
343 1654 512 1720 ὁποσαοῦν
536 1656 706 1741 διαιρεθῇ,
730 1652 784 1720 καὶ
806 1652 948 1719 ἕκαστον
971 1663 1054 1737 τῶν,
1078 1653 1120 1727 ελς

106 1760 126 1824 δ
150 1759 315 1847 διῄρηται,
337 1758 517 1845 δεδομένον
540 1759 639 1825 ἐστίν.

53 1895 86 1943 15
174 1887 225 1950 26.
258 1886 387 1950 Λοιπὸν
414 1886 479 1970 ἄρα
506 1908 536 1969 p.
557 1887 590 1965 8,
610 1882 667 1967 24]
696 1883 754 1948 ἐὰν
776 1882 839 1967 γὰρ
868 1880 933 1946 ἀπὸ
959 1887 1044 1947 ἰσων
1068 1887 1118 1946 ι’σα

107 1989 286 2077 ἀφαιρεθῇ,
310 1992 350 2055 τὰ
373 1990 472 2056 λοιποί
496 1990 587 2055 ἐστιν
611 1995 675 2054 ἴσα.

499 2183 552 2248 Ad
574 2206 666 2269 prop.
684 2183 724 2248 V.

174 2307 225 2370 27.
260 2298 342 2369 Οἷον
366 2307 383 2370 ὁ
407 2310 436 2371 ἴε
459 2307 542 2393 πρὸς
565 2305 684 2372 ἑαυτοῦ
703 2304 802 2391 μέρος
819 2306 879 2369 τὸν
897 2309 916 2370 ῖ
935 2310 1040 2389 λόγον
1058 2309 1117 2389 ἔχει

105 2412 164 2476 τὸν
192 2411 358 2495 ἡμιόλιον,
386 2410 441 2476 καὶ
468 2414 552 2498 πρὸς
579 2414 639 2478 τὸν
662 2413 780 2477 λοιπὸν
807 2412 866 2476 τὸν
888 2414 907 2476 ἓ
929 2415 1034 2496 λόγον
1057 2415 1118 2496 ἔχει

51 2529 87 2579 20
105 2518 164 2583 τὸν
186 2521 414 2604 τριπλασίονα.

174 2644 224 2708 28.
263 2646 368 2706 Τοῦτο
392 2645 479 2714 ἔοικε,
499 2652 544 2730 τῷ
563 2640 619 2706 καὶ
638 2639 892 2727 ἀντιστρέψαντι
911 2643 1016 2722 λόγον
1035 2645 1119 2725 ἔχειν

106 2746 292 2832 δεδομένον.

177 2979 218 3027 ιε.
238 2973 388 3041 ειτηερ
403 2974 450 3042 (τε
464 2973 549 3027 finem
566 2972 633 3026 fibri
651 2975 716 3042 post
730 2971 816 3026 schol.
831 2941 871 3026 nr]
888 2975 960 3042 101).
1017 2978 1059 3027 ιι.
1077 2972 1116 3026 οι.

141 3042 486 3113 25.P1Vat.vMon.aqc.
566 3049 607 3097 26.
628 3043 688 3098 0²2.
767 3042 1116 3113 27.P1Vat.vM0n.⁶qs.

141 3119 184 3168 28.
203 3112 463 3183 ΡΝολΜομσρλ.

104 3242 319 3251 ι---.--.

176 3331 200 3380 3.
220 3323 288 3397 ἄρα]
307 3341 396 3393 comp.
410 3323 455 3378 bis
469 3325 533 3379 Vah.
594 3330 636 3378 11.
655 3323 843 3394 ἀντίστροφον
861 3341 929 3393 vop.
994 3331 1037 3379 13.
1056 3334 1116 3391 τῶν,

103 3394 145 3458 σός
163 3394 199 3467 δέ]
222 3397 315 3450 αὐτῶν
334 3393 382 3448 ἴσα
404 3394 449 3450 Pl.
541 3401 582 3450 16.
606 3394 703 3467 λοιποί]
721 3394 947 3464 καταλειπόμενα
966 3399 989 3450 λ.
1076 3402 1115 3449 18.

67 3512 71 3517 .
103 3462 219 3539 δαοτοῦ]
237 3465 269 3521 τὸ
289 3463 389 3520 ἑαυτοῦ
404 3482 430 3519 v.
502 3464 566 3538 τόν]
583 3464 614 3519 τό
633 3466 673 3535 1ρ.
748 3473 789 3522 20.
809 3463 973 3535 τριπλάσιον
992 3466 1099 3521 Mons.
