2356 3818
441 111 718 162 PROLEGOMENA.
981 109 1085 164 XXXV

145 271 172 321 p.
193 255 256 320 200,
277 256 309 303 12
328 248 440 318 ἡμίσεια
459 281 493 290 -
514 255 546 303 13
566 254 648 304 ΒΑΓ
667 250 787 304 fortasse
809 253 959 321 propterea
980 250 1084 321 omisit,

73 333 149 402 quod
166 329 331 402 glossatoris
351 330 577 384 additamentum
597 346 658 384 0000
678 330 799 398 00101111,
818 332 868 386 sed
886 338 1025 401 u.p.124,
1041 338 1083 386 14.

144 430 171 481 p.
187 417 278 479 226,6
302 410 411 479 Theon,
434 412 468 464 ut
489 409 581 464 locum
606 412 732 478 sanaret,
754 427 804 478 pro
828 412 948 465 δοθεῖσα
972 410 1085 480 scripsit

71 488 153 550 θέσει
171 489 333 560 respiciens,
352 488 407 542 nisi
421 488 513 556 fallor,
533 488 571 543 ad
588 508 615 559 p.
632 495 691 558 176,
707 495 722 543 2
743 491 828 558 atque
847 487 961 544 δέδοται
980 490 1083 545 omisit.

71 570 204 641 equidem
222 569 291 624 satis
310 569 398 624 habui
417 567 532 624 δέδοται
550 569 697 623 delenisse.

144 651 204 704 Iam
222 667 289 704 uero
303 650 401 703 Theon
418 666 475 703 non
492 665 556 704 raro
575 648 605 702 id
620 649 675 704 sibi
689 647 816 718 sumpsit,
835 650 867 702 ut
881 665 944 702 cum
957 649 1083 705 Euclidis

70 750 101 788 se
121 731 277 787 orationem
294 731 410 800 putaret
426 745 509 798 posse
526 728 672 784 meliorem
688 729 818 795 reddere,
843 732 904 783 tum
929 747 1085 786 sermonem

70 813 132 868 eius
152 811 330 866 contraheret
349 814 434 879 atque
453 808 596 863 incideret.
625 826 659 863 ex
678 809 862 878 amplioribus
876 809 959 864 huius
973 812 1084 881 generis

69 891 277 948 mutationibus
295 890 348 944 has
367 890 477 946 adfero:

143 991 171 1042 p.
186 978 233 1039 10,
255 975 340 1023 0-11
364 969 459 1024 breuis
483 985 543 1024 esse
564 969 667 1038 uoluit,
692 970 741 1024 sed
759 989 786 1040 p.
803 976 849 1038 12,
869 975 939 1024 3-5
957 970 1083 1025 Ε11011610

70 1051 159 1106 uerba
178 1048 310 1105 seruauit.

144 1132 237 1186 eidem
251 1129 345 1184 studio
359 1129 540 1183 tribuendum
554 1131 604 1198 est,
625 1130 700 1198 quod
713 1150 740 1201 p.
757 1135 799 1200 10,
815 1136 847 1184 16
863 1131 967 1187 ἐπεί-
979 1139 1012 1187 16
1028 1132 1084 1203 ἄρα

72 1210 168 1264 omisit
185 1227 277 1279 neque
294 1228 321 1279 p.
338 1214 379 1277 18,
395 1213 501 1262 23-24
519 1209 674 1278 quidquam
692 1210 748 1264 11101
766 1210 908 1266 ἀνάπαλιν
926 1213 1051 1268 retinuit.

143 1307 190 1359 00,
214 1306 287 1359 quae
304 1307 331 1358 p.
348 1294 393 1355 12,
414 1293 500 1341 8-16
520 1289 664 1358 leguntur,
687 1290 817 1359 quamuis
841 1291 871 1344 in
890 1308 908 1345 a
927 1293 1084 1363 deprauata

70 1369 136 1437 sint,
155 1372 196 1438 ut,
215 1369 284 1438 quid
302 1370 399 1423 Theon
418 1367 567 1438 scripserit,
586 1388 636 1439 pro
656 1373 732 1425 certo
752 1371 894 1425 adfirmari
912 1390 968 1426 uon
984 1373 1083 1442 possit,

68 1453 167 1504 tamen
185 1466 249 1504 eum
269 1450 387 1519 adparet
404 1448 529 1502 Euclidis
549 1450 636 1504 uerba
653 1451 795 1519 pressisse.

142 1549 169 1600 p.
186 1535 228 1598 22,
244 1534 330 1583 0-13
348 1546 443 1583 11110110
461 1529 597 1583 0101111011
616 1530 732 1593 studuit,
753 1531 801 1584 sed
819 1547 878 1584 rem
897 1549 976 1586 suam
990 1530 1083 1586 infeli-

72 1609 144 1663 citer
162 1610 262 1680 gessit,
281 1624 451 1677 quamquam
470 1609 604 1678 concedo,
627 1626 663 1663 ne
681 1608 812 1663 librarios
832 1609 943 1677 quidem
965 1611 1084 1680 aculpa

72 1688 178 1743 liberos
197 1704 263 1743 esse.
291 1687 411 1742 fortasse
426 1687 569 1742 Theonem
588 1689 713 1759 offendit,
733 1688 809 1757 quod
822 1689 953 1743 Euclides
972 1693 1084 1759 praeter

72 1768 304 1823 consuetudinem
322 1771 358 1837 (u.
377 1786 404 1837 p.
424 1771 470 1835 26,
491 1773 520 1834 4,
544 1774 587 1837 28,
606 1774 636 1836 3,
661 1774 702 1838 30,
723 1775 747 1835 2,
767 1772 814 1836 20,
839 1773 949 1836 36,17,
974 1774 1083 1838 38,19,

71 1854 179 1919 40,17,
199 1853 257 1918 100,
273 1854 302 1914 2,
322 1850 437 1917 104,1),
463 1846 627 1916 priusquam
644 1846 893 1918 propositionem
914 1848 951 1901 ad
970 1847 1082 1902 demon-

71 1929 237 1984 strationem
255 1927 404 1996 adhibeat,
423 1926 542 1981 rationis
560 1927 686 1981 membra
704 1927 828 1981 inuertit.

142 2029 169 2080 p.
185 2015 227 2078 23,
242 2014 311 2063 6-7
330 2007 485 2078 respexisse
504 2006 618 2060 uidetur
635 2007 673 2062 ad
690 2026 716 2077 p.
733 2013 775 2076 20,
791 2013 824 2061 20
843 2010 880 2079 (11.
896 2008 982 2063 etiam
996 2027 1023 2078 p.
1039 2013 1082 2078 34,

72 2095 185 2157 13-14,
201 2094 306 2142 19-20
325 2091 353 2143 01
371 2108 398 2159 p.
410 2094 452 2157 26,
467 2092 550 2155 5-6,
569 2092 612 2157 42,
625 2089 753 2157 21-22),
771 2088 980 2156 proportionem
994 2088 1082 2159 igitur

70 2168 156 2239 paulo
180 2169 439 2238 antepropositam
462 2165 558 2222 omisit
581 2166 696 2222 016100
716 2198 749 2207 -
769 2165 834 2221 ὅλον
858 2167 977 2222 addidit.
1016 2186 1082 2223 con-

69 2247 197 2302 ferantur
225 2263 272 2315 ea,
300 2264 373 2315 quae
398 2267 425 2318 p.
445 2252 492 2316 40,
513 2252 618 2300 19-20
641 2249 670 2300 ee
687 2266 714 2317 p.
730 2251 772 2315 eo,
792 2253 875 2316 4-0,
891 2253 1009 2316 1013,
1037 2253 1082 2316 as,

72 2331 190 2393 19-20,
210 2331 252 2394 38,
268 2332 373 2380 21-22
394 2325 536 2380 simillime
556 2325 703 2380 01111οο110
722 2326 827 2379 omissa
845 2328 919 2381 sunt.

141 2425 168 2476 p.
184 2412 231 2475 46,
251 2412 379 2474 25-48,
400 2411 413 2458 1
437 2422 488 2474 pro
513 2403 628 2467 εὐθείας
646 2405 700 2475 γὰρ
719 2413 847 2475 γραμμῆς
864 2405 899 2459 τὰ
918 2405 1026 2475 πέρατα
1045 2436 1079 2446 -

70 2483 210 2554 δεδομένα
230 2483 298 2539 ἔστω
317 2493 350 2555 τῇ
368 2483 450 2539 θέσει
473 2484 621 2539 substituit
641 2485 740 2538 εὐθεῖα
759 2484 812 2554 γὰρ
832 2485 942 2555 γραμμὴ
964 2484 1030 2538 ἔστω
1049 2481 1083 2550 ἧς

69 2567 105 2621 τὰ
124 2563 232 2632 πέρατα
248 2595 280 2604 -
296 2562 443 2635 δεδομένα,
462 2565 582 2619 fortasse
599 2566 632 2617 ut
649 2564 777 2618 notiones
796 2566 891 2618 rectae
906 2566 934 2618 et
947 2563 1083 2617 termino-

69 2664 132 2700 rum
150 2644 242 2714 magis
262 2643 432 2699 efferrentur.

141 2745 168 2796 p.
185 2731 244 2792 106,
259 2730 328 2777 2-3
347 2724 477 2778 Euclides
497 2723 604 2778 Theoni
622 2723 733 2794 longior
751 2724 828 2778 uisus
848 2726 904 2792 est,
923 2740 1010 2793 quare
1026 2725 1080 2778 duo

70 2805 198 2859 membra
221 2803 355 2858 orationis
378 2820 478 2873 parum
500 2803 621 2858 feliciter
647 2803 678 2857 in
699 2822 786 2857 unum
810 2803 966 2872 0011111111,
995 2803 1083 2858 simili

69 2884 221 2953 breuitate,
239 2899 345 2937 memor
359 2882 419 2937 sine
434 2883 519 2938 dubio
537 2901 564 2952 p.
580 2888 639 2952 130,
655 2889 680 2953 2,
699 2902 766 2938 usus
786 2886 830 2939 001
847 2902 874 2953 p.
891 2889 950 2953 132,
966 2890 1080 2955 20-21,

70 2963 96 3017 01
123 2963 238 3032 quidem
264 2963 352 3016 uerba
380 2960 437 3016 ἔστι
461 2993 493 3002 -
515 2965 634 3017 δοθεῖσα
661 2963 692 3016 in
720 2965 873 3034 archetypo
897 2981 947 3018 suo
970 2965 1080 3020 habuit.

68 3061 96 3113 p.
115 3048 293 3112 103,19-20
312 3059 375 3097 cum
393 3043 549 3096 membrum
567 3041 623 3095 ἔστι
641 3073 676 3082 -
695 3044 814 3098 δοθεῖσα
832 3044 989 3099 redundare
1008 3044 1081 3098 iudi-

70 3124 162 3191 caret,
185 3121 356 3177 1101110113
377 3125 426 3176 ΓΑ
444 3154 479 3162 -
499 3127 533 3175 20
551 3130 606 3175 τῶν
629 3120 737 3176 deleuit
759 3126 788 3177 et
809 3139 860 3192 per
882 3122 950 3177 ὥστε
971 3123 1081 3178 conclu-

70 3202 179 3257 sionem
203 3201 349 3269 adnexuit3
377 3201 425 3256 cfr.
444 3221 472 3272 p.
493 3206 555 3269 110,
575 3205 652 3254 4-6.
691 3202 821 3256 similiter
843 3221 869 3272 p.
891 3209 955 3270 140,
976 3209 1080 3257 17-13

70 3284 181 3338 duobus
204 3282 339 3338 orationis
367 3281 499 3336 membris
527 3281 638 3336 omissis
662 3282 887 3337 ratiocinationis
910 3283 1079 3337 breuitatem

71 3363 236 3418 adfectauit.

143 3462 169 3513 p.
190 3448 289 3512 150,5
318 3442 347 3496 in
375 3459 429 3496 uno
457 3442 610 3513 eodemque
635 3444 760 3498 membro
783 3446 888 3498 temere
911 3443 1082 3497 breuitatem

886 3531 920 3584 Q*
