2356 3818
432 76 435 81 Δ
529 124 634 175 DATA.
1046 121 1086 185 73

541 264 625 329 XLI.

144 380 181 446 Si
199 379 384 466 trianguius
403 402 504 444 unum
523 380 679 465 angulum
694 382 807 445 dotum
824 381 924 446 habet
943 386 976 447 et
989 381 1093 447 latera

72 487 189 552 datum
221 486 378 572 angulum
410 486 716 570 comprehendentia
747 488 907 552 rationem
936 489 1022 553 inter
1055 511 1088 553 se

71 593 199 658 habent
222 593 340 678 dotem,
363 592 548 677 triangulus
572 593 668 656 datus
692 597 743 657 est
766 594 883 678 specie.

143 699 266 763 habeat
293 698 379 762 enirn
403 697 586 783 triangulus
610 701 717 763 ΑΒΓ
738 721 839 763 unuin
862 701 1017 784 angulum
1041 701 1092 764 da·

72 808 147 870 tum
172 807 276 887 ΒΑΓ,
303 808 337 867 et
358 803 463 867 latera
486 803 642 888 angulum
665 807 767 868 ΒΑΓ
788 806 1093 890 comprehendentia

74 914 148 994 BA,
167 913 240 974 ΑΓ
256 910 342 974 inter
365 931 399 974 se
422 909 582 973 rationem
605 910 749 975 habeant
773 912 890 975 datam.
932 912 1013 996 dieo
1036 911 1092 975 tri-

71 1017 233 1102 angulum
256 1019 362 1080 ΑΒΓ
379 1016 491 1080 datum
515 1038 585 1080 esse
610 1016 724 1100 speeie.
1043 1001 1046 1007 ¹

142 1127 284 1206 ponatur
306 1121 393 1186 enim
415 1126 506 1187 reote
528 1128 562 1187 Δ
568 1127 596 1186 Ζ
623 1123 786 1206 positione
812 1129 845 1188 et
868 1124 1091 1210 magnitudine

72 1228 162 1311 data,
182 1227 270 1291 etad
286 1231 409 1291 rectam
423 1232 491 1291 ΔΖ
511 1231 543 1291 et
557 1229 764 1311 punotumin
779 1230 975 1314 sepositum
991 1234 1018 1293 Z
1038 1252 1090 1294 an-

73 1333 155 1420 gulo
162 1335 263 1396 ΒΑΓ
272 1332 632 1416 aequalisoonstruatur
642 1335 780 1420 angulus
791 1340 894 1400 ΔΖΕ
904 1336 1014 1421 [133]
1036 1337 1092 1401 sed

548 1442 674 1584 tha
660 1447 713 1506 tus
741 1447 800 1506 est
820 1442 958 1527 angulus
987 1445 1089 1506 BAF.

617 1547 772 1632 ittaquee
774 1549 838 1612 iam
849 1548 986 1632 angulus
998 1552 1094 1611 ΔΖΕ

619 1654 674 1718 dat
660 1658 713 1718 tus
746 1657 796 1717 est
828 1653 902 1736 [def.
929 1653 971 1736 1].
1026 1655 1091 1718 ium

620 1760 774 1846 quoniam
798 1759 838 1822 ad
861 1762 984 1823 rectam
1007 1760 1091 1843 posi-

619 1867 707 1932 tione
723 1867 832 1929 datam
847 1869 913 1928 ΔΖ
933 1869 965 1929 et
980 1866 1091 1930 datum

510 2043 516 2059 ,
618 1977 775 2057 punctum
794 1972 829 2035 in
847 1995 884 2035 ea
902 1971 1046 2055 positum
1065 1976 1091 2035 Z

490 2076 519 2146 ’,
618 2084 708 2143 reeta
729 2078 815 2142 linea
838 2079 932 2142 duota
957 2083 1007 2142 est
1031 2083 1094 2143 ΖΕ

620 2186 731 2249 datum
764 2183 908 2248 efficiens
936 2185 1092 2270 angulum

71 2296 190 2378 ΔΖΕ,
205 2297 269 2357 ΖΕ
290 2294 365 2357 deta
389 2293 450 2357 erit
472 2292 634 2376 positione
658 2291 762 2374 [prop.
782 2289 914 2374 XXIX}
960 2295 993 2355 et
1016 2313 1092 2375 quo-

69 2399 166 2464 niam
194 2399 278 2463 ratio
308 2403 374 2463 BA
388 2423 395 2463 ε
411 2405 443 2462 A
450 2401 481 2462 Γ
508 2399 584 2462 data
611 2401 675 2482 est,
702 2396 845 2479 aequalis
876 2396 905 2459 ei
928 2397 986 2460 fiat
1008 2397 1092 2460 ratio

71 2508 145 2570 ΛΖ
156 2528 163 2568 :
176 2509 240 2569 ΖΕ
256 2510 289 2569 et
306 2505 462 2590 iungatur
476 2510 551 2569 ΛΕ.
588 2504 699 2586 itaque
719 2504 818 2566 etiam
833 2503 918 2566 ratio
934 2507 1017 2566 AZ:
1030 2508 1094 2567 ΖΕ

71 2613 227 2676 datat
177 2616 227 2675 est
251 2611 326 2695 [def.
346 2611 390 2694 2}
429 2611 485 2675 sed
504 2611 648 2674 dotet
598 2615 648 2674 est
667 2615 700 2672 Δ
707 2609 791 2672 Ζ
779 2613 889 2691 ltaque
910 2608 1009 2671 etiam
1030 2612 1094 2671 ΖΕ

70 2718 225 2782 dotat
176 2721 225 2781 est
253 2717 358 2801 [prop.
382 2716 439 2800 ll.]
486 2738 643 2780 uerume
627 2715 726 2779 etium
748 2713 821 2797 posi
823 2712 911 2777 tione
935 2713 1010 2777 data
1034 2718 1091 2777 est

71 2829 108 2888 et
132 2827 290 2908 punotum
314 2828 341 2887 Z
371 2824 483 2887 datum
506 2827 569 2907 est3
602 2843 699 2905 quare
728 2820 827 2884 etiam
851 2824 883 2882 E
908 2819 963 2882 dat
949 2823 1019 2882 tum
1043 2824 1092 2884 est

71 2931 184 3015 [prop.
207 2927 356 3012 XXVIH.
408 2929 463 2993 sed
491 2928 590 2992 etiarn
617 2932 790 3011 utrumque
820 2931 976 3010 punctum
1000 2931 1093 3011 A,z

72 3038 191 3101 datum
209 3039 265 3100 est.
304 3034 415 3119 itaque
439 3055 650 3118 unaquaeque
668 3038 830 3097 rectarum
850 3037 926 3117 ΛΖ,
941 3038 1010 3118 ΖΕ,
1024 3040 1057 3097 Δ
1062 3038 1093 3097 Ε

71 3141 242 3228 positione
261 3144 294 3204 et
313 3139 536 3225 magnitudine
556 3140 632 3202 data
651 3144 700 3202 est
722 3139 826 3223 [prop.
844 3137 976 3223 XXVI}
1014 3162 1092 3224 ergo

71 3247 264 3332 triangulus
288 3251 391 3310 ΔΖΕ
413 3246 514 3332 (tutus⁸
532 3249 582 3309 est
605 3245 711 3328 specie
736 3244 840 3328 [prop
860 3244 1023 3329 XXXIX}
1060 3250 1092 3308 et

73 3353 233 3438 quonium
261 3353 323 3416 duo
352 3351 508 3436 trianguli
536 3355 603 3415 ΑΒ
611 3355 650 3435 Γ,
674 3357 707 3414 Δ
713 3355 744 3413 Ε
750 3354 776 3412 Ζ
808 3373 908 3413 unum
937 3350 1093 3434 angulum

72 3460 134 3524 uni
162 3458 283 3544 anguto
312 3458 478 3542 aequalem
505 3457 641 3544 hebent,
672 3440 869 3534 [ΒΑΓ-τ-
888 3457 1049 3535 LAZE,
1075 3454 1103 3521 ὑ,
