2356 3818
126 123 190 188 106
530 125 735 177 AEAOMENA.

125 271 184 332 καί
209 267 277 332 ἐστι
304 269 341 332 τὸ
369 271 440 331 ΑΓ
467 265 571 333 δοθέν
603 277 648 356 τῷ
680 265 825 352 μεγέθει·
862 267 1035 333 ὑπόκειται
1062 271 1121 352 γάρ

127 376 244 439 λοιπὸν
272 375 336 459 άρα
362 373 400 437 τὸ
424 377 491 437 ΚΘ
523 372 628 439 δοθέν
656 374 724 438 ἐστι
753 383 799 462 τῷ
822 373 966 458 μεγέθει.
1012 377 1080 439 ἔστι
1108 380 1121 442 ε’

126 478 181 544 καὶ
204 489 249 567 τῷ
274 481 354 544 εῖδει
377 480 495 545 δοθέν·
520 480 636 564 ὅμοιον
654 480 717 565 γάρ
737 479 806 544 ἐστι
829 489 875 568 τῷ
897 483 971 544 ΓΔ·
994 488 1056 545 τοῦ
1076 485 1121 547 ΘΑ

129 587 192 670 ἄρα
224 585 398 669 δεδομέναι
426 584 511 651 εἰσὶν
543 588 580 651 αῖ
604 588 759 672 πλευραί·
792 588 933 651 δοθεῖσα
962 588 1027 672 άρα
1052 587 1121 652 ἐστὶ1

126 691 146 774 ἡ
170 695 250 756 ΚΓ·
279 695 338 756 καί
357 691 447 756 ἐστιν
471 698 525 776 ῖση
548 702 587 777 τῇ
611 697 688 757 ΕΒ·
718 693 857 757 δοθεῖσα
881 695 946 778 άρα
969 691 1060 757 ἐστὶν
1084 715 1121 757 κα

93 796 148 879 οη
171 802 244 862 ΕΒ.
290 800 358 863 ἔστι
386 795 423 863 δέ
444 797 500 863 καὶ
523 799 543 882 ἡ
567 803 631 863 ΕΛ
653 799 804 862 δοθεῖσα·
832 796 888 862 καὶ
911 800 1010 883 λοιπὴ
1034 800 1121 883 άρατ

128 907 192 967 ΒΔ
214 904 354 968 δοθεῖσα
377 903 475 969 ἐστιν.
521 902 576 968 καὶ
601 907 698 986 λόγος
721 913 778 987 τῆς
801 909 865 969 ΒΔ
887 905 973 986 πρὸς
993 906 1054 988 την
1074 906 1121 968 B]

128 1010 254 1085 δοθείς
283 1011 421 1075 δοθεῖσα
445 1012 509 1092 άρα
532 1008 600 1074 ἐστὶ
623 1008 678 1075 καὶ
701 1011 721 1094 ἡ
746 1014 816 1075 ΒΓ.

597 1290 667 1357 νθ’.

76 1449 109 1498 10
192 1431 268 1497 Ἐάν
289 1429 392 1498 δοθὲν
410 1434 499 1519 παρά
522 1435 687 1498 δοθεῖσαν
705 1437 906 1519 παραβληθῇ
929 1433 1121 1519 ὑπερβάλλον

128 1539 208 1603 εῖδει
231 1539 408 1627 δεδομένῳ,
432 1537 564 1604 δέδοται
587 1541 628 1603 τά
650 1540 756 1623 πλάτη
779 1549 837 1622 τῆς
859 1539 1051 1626 ὑπερβολῆς.

193 1643 296 1711 δοθέν
324 1647 386 1732 γάρ
414 1647 451 1710 τὸ
475 1650 541 1709 ΑΒ
568 1646 658 1731 παρά
681 1647 836 1710 δοδεῖσαν
859 1648 921 1731 τὴν
945 1650 1015 1710 ΑΓ
1033 1657 1121 1727 παρνι

125 1754 301 1835 βεβλησθω
328 1752 538 1837 ὑπερβάλλον
565 1753 646 1816 εῖδει
674 1751 839 1839 δεδομένῳ
865 1761 912 1839 τῷ
937 1755 1011 1816 ΓΒ·
1042 1747 1121 1830 λέγον

97 1931 101 1938 ,
127 1858 178 1922 ὅτι
201 1859 340 1922 δοθεῖσά
364 1858 454 1923 ἐστιν
478 1855 614 1943 ἑκατέρα
636 1870 703 1923 τῶν
728 1862 799 1941 ΘΓ,
819 1862 889 1922 ΓΕ.

74 1976 108 2026 15
193 1966 365 2046 τετμήσθω
389 1965 451 2049 γάρ
476 1965 552 2047 δίχα
575 1963 686 2046 ἡΔΕ
705 1965 788 2028 κατά
806 1966 843 2028 τὸ
864 1968 892 2027 Ζ
915 1975 1057 2048 σημεῖον,
1075 1973 1121 2023 τοι

128 2067 372 2154 ἀναγεγράφθω
397 2069 460 2134 άπὸ
483 2079 541 2153 τῆς
564 2074 627 2134 ΕΖ
649 2080 695 2157 τῷ
721 2074 782 2135 ΓΒ
806 2070 922 2154 ὅμοιον
944 2067 1000 2134 καὶ
1018 2068 1112 2152 ὁμοίω

127 2178 278 2257 κείμενον
301 2176 338 2239 τὸ
363 2179 446 2239 ΖΗ·
469 2174 545 2261 περὶ
567 2178 629 2260 τὴν
652 2175 757 2260 αὐτὴν
781 2177 846 2262 άρα
869 2177 1046 2260 διάμετρόν
1066 2171 1121 2236 έσσ

126 2281 163 2344 τὸ
189 2284 261 2344 ΖΗ
278 2291 323 2368 τῷ
349 2284 417 2346 ΓΒ.
453 2284 548 2366 ἤχθω
572 2282 683 2348 αὐτῶν
706 2282 880 2369 διάμετρος
901 2281 922 2364 ἡ
945 2285 1059 2364 ΘΕΜ,
1077 2293 1121 2341 ονε

126 2388 390 2472 καταγεγράφθω
414 2390 451 2453 τὸ
475 2399 590 2473 σχῆμα.
626 2387 681 2453 καὶ
706 2387 775 2453 ἐπεὶ
798 2389 914 2473 ὅμοιόν
934 2386 1002 2451 ἐστι
1020 2389 1055 2451 τὸ
1073 2385 1098 2449 Γ
1098 2379 1121 2444 Ι

74 2506 109 2554 20
126 2501 172 2579 τῷ
198 2496 275 2576 ΖΗ,
299 2491 431 2558 δέδοται
455 2491 492 2558 δέ
514 2496 551 2559 τὸ
574 2497 634 2558 ΓΒ
657 2503 702 2581 τῷ
726 2495 817 2577 εῖδει,
841 2492 974 2558 δέδοται
997 2494 1059 2578 άρα
1077 2505 1121 2554 νε

126 2598 164 2662 τὸ
193 2602 265 2662 ΖΗ
292 2609 337 2687 τῷ
370 2601 463 2664 εῖδει·
499 2597 555 2664 καὶ
587 2599 831 2685 ἀναγέγραπται
863 2599 927 2663 άπὸ
961 2595 1108 2682 δεδομένη

126 2703 260 2781 εὐθείας
281 2714 340 2788 τῆς
363 2710 440 2769 ΖΕ·
467 2701 570 2768 δοθέν
592 2706 657 2790 άρα
681 2703 749 2769 ἐστὶ
772 2706 809 2769 τὸ
834 2708 909 2768 ΖΗ
927 2714 973 2791 τῷ
996 2701 1121 2788 μεγέθει

49 2863 50 2866 ¹
127 2811 195 2873 ἔστι
219 2806 256 2874 δέ
277 2809 332 2875 καὶ
354 2811 392 2875 τὸ
416 2815 482 2875 ΑΒ
506 2809 622 2875 δοθέν·
651 2809 796 2876 δοθέντα
819 2812 883 2896 άρα
906 2808 976 2874 ἐστὶ
998 2812 1039 2874 τά
1058 2805 1121 2873 ΑΒ

128 2919 203 2980 ΖΗ
249 2920 307 2981 καί
332 2917 422 2982 ἐστιν
450 2923 505 2981 ῖσα
528 2927 573 3003 τῷ
597 2920 673 2981 ΚΛ·
707 2913 810 2982 δοθὲν
833 2918 898 3001 άρα
921 2914 990 2982 ἐστὶ
1013 2917 1049 2981 τὸ
1069 2915 1121 2977 Ke

198 3184 221 3233 1.
240 3183 278 3250 τῷ
298 3209 331 3218 -
351 3176 416 3248 γάρ]
436 3194 488 3230 om.
508 3178 535 3231 b.
618 3184 642 3232 2.
669 3177 725 3231 έστι
743 3174 786 3249 as]
807 3194 860 3231 om.
880 3177 908 3231 b.
991 3184 1015 3232 3.
1034 3169 1121 3231 δοθέν

127 3266 180 3304 om.
199 3249 226 3303 b.
307 3253 345 3320 τῷ
361 3246 443 3319 (alt.)]
462 3247 493 3301 τά
512 3248 540 3302 b.
632 3254 654 3302 7.
680 3246 755 3303 ἐστίν
773 3267 799 3303 v.
883 3250 955 3320 ΒΓ]
977 3234 1121 3302 ΖΗΒΓΕ

162 3326 203 3375 11.
227 3319 297 3372 Post
315 3315 456 3391 οεοομένῳ
475 3319 539 3372 add.
559 3324 596 3391 τῷ
616 3317 686 3372 swa
703 3320 800 3374 νων.
889 3325 931 3374 13.
958 3320 1019 3391 ΓΒ]
1038 3318 1080 3371 ΓΔ
1093 3306 1121 3359 1

163 3396 218 3514 17η)
227 3388 271 3459 τό]
294 3393 332 3461 τῷ
350 3389 380 3442 P.
472 3394 513 3444 18.
538 3391 642 3461 αὐτῶν]
662 3391 749 3445 αὑτοῦ
768 3408 794 3444 v.
888 3396 931 3445 22.
955 3395 993 3463 τῷ
1010 3383 1121 3457 μεγέδέΙ

66 3492 76 3507 .
126 3477 178 3516 om.
220 3502 225 3514 .
