<?xml version="1.0" encoding="UTF-8"?>
<!DOCTYPE html PUBLIC "-//W3C//DTD XHTML 1.0 Transitional//EN"
    "http://www.w3.org/TR/xhtml1/DTD/xhtml1-transitional.dtd">
<html xmlns="http://www.w3.org/1999/xhtml" xml:lang="en" lang="en">
 <head>
  <title>
</title>
<meta http-equiv="Content-Type" content="text/html;charset=utf-8" />
  <meta name='ocr-system' content='tesseract 3.04.00' />
  <meta name='ocr-capabilities' content='ocr_page ocr_carea ocr_par ocr_line ocrx_word'/>
</head>
<body>
  <div class='ocr_page' id='page_1' title='image "./euclidisoperaom09unkngoog_0205.png"; bbox 0 0 2356 3818; ppageno 0'>
   <div class='ocr_carea' id='block_1_1' title="bbox 127 159 730 223">
    <p class='ocr_par' dir='ltr' id='par_1_1' title="bbox 127 159 730 223">
     <span class='ocr_line' id='line_1_1' title="bbox 127 159 730 223; baseline -0.015 0"><span class='ocrx_word' id='word_1_1' title='bbox 127 159 188 223; x_wconf 83' lang='lat'><em>138</em></span> <span class='ocrx_word' id='word_1_2' title='bbox 526 160 730 215; x_wconf 73' lang='lat' dir='ltr'>AEAOMENA.</span> 
     </span>
    </p>
   </div>
   <div class='ocr_carea' id='block_1_2' title="bbox 69 299 1144 3412">
    <p class='ocr_par' dir='ltr' id='par_1_2' title="bbox 69 299 1144 3412">
     <span class='ocr_line' id='line_1_2' title="bbox 124 299 1144 388; baseline 0.001 -22"><span class='ocrx_word' id='word_1_3' title='bbox 124 306 188 366; x_wconf 88' lang='grc' dir='ltr'><em>ΚΒ</em></span> <span class='ocrx_word' id='word_1_4' title='bbox 211 303 293 387; x_wconf 84' lang='grc' dir='ltr'><em>πρὸς</em></span> <span class='ocrx_word' id='word_1_5' title='bbox 315 305 376 387; x_wconf 80' lang='grc' dir='ltr'><em>τὴν</em></span> <span class='ocrx_word' id='word_1_6' title='bbox 400 307 467 368; x_wconf 91' lang='grc' dir='ltr'><em>ΛΕ</em></span> <span class='ocrx_word' id='word_1_7' title='bbox 487 305 611 379; x_wconf 74' lang='grc' dir='ltr'><em>δοθείς.</em></span> <span class='ocrx_word' id='word_1_8' title='bbox 656 305 725 368; x_wconf 85' lang='grc' dir='ltr'><em>ἔστι</em></span> <span class='ocrx_word' id='word_1_9' title='bbox 747 299 784 367; x_wconf 68' lang='grc' dir='ltr'><em>δέ</em></span> <span class='ocrx_word' id='word_1_10' title='bbox 805 301 862 368; x_wconf 82' lang='grc' dir='ltr'><em>καὶ</em></span> <span class='ocrx_word' id='word_1_11' title='bbox 885 311 943 387; x_wconf 84' lang='grc' dir='ltr'><em>τῆς</em></span> <span class='ocrx_word' id='word_1_12' title='bbox 965 305 1033 367; x_wconf 91' lang='grc' dir='ltr'><em>ΒΓ</em></span> <span class='ocrx_word' id='word_1_13' title='bbox 1049 303 1144 388; x_wconf 75' lang='grc' dir='ltr'><em>πρὸς</em></span> 
     </span>
     <span class='ocr_line' id='line_1_3' title="bbox 123 408 1144 495; baseline 0.002 -23"><span class='ocrx_word' id='word_1_14' title='bbox 123 411 184 492; x_wconf 81' lang='grc' dir='ltr'><em>τὴν</em></span> <span class='ocrx_word' id='word_1_15' title='bbox 202 414 265 472; x_wconf 92' lang='grc' dir='ltr'><em>ΕΖ</em></span> <span class='ocrx_word' id='word_1_16' title='bbox 288 412 387 491; x_wconf 89' lang='grc' dir='ltr'><em>λόγος</em></span> <span class='ocrx_word' id='word_1_17' title='bbox 409 411 533 494; x_wconf 76' lang='grc' dir='ltr'><em>δοθείς,</em></span> <span class='ocrx_word' id='word_1_18' title='bbox 555 408 611 474; x_wconf 81' lang='grc' dir='ltr'><em>καί</em></span> <span class='ocrx_word' id='word_1_19' title='bbox 634 411 671 474; x_wconf 79' lang='grc' dir='ltr'><em>αλ</em></span> <span class='ocrx_word' id='word_1_20' title='bbox 690 415 773 495; x_wconf 91' lang='grc' dir='ltr'><em>πρὸς</em></span> <span class='ocrx_word' id='word_1_21' title='bbox 791 421 861 486; x_wconf 78' lang='grc' dir='ltr'><em>τοῖς</em></span> <span class='ocrx_word' id='word_1_22' title='bbox 878 413 918 492; x_wconf 88' lang='grc' dir='ltr'><em>Β,</em></span> <span class='ocrx_word' id='word_1_23' title='bbox 936 413 970 474; x_wconf 87' lang='grc' dir='ltr'><em>Ε</em></span> <span class='ocrx_word' id='word_1_24' title='bbox 989 412 1144 493; x_wconf 81' lang='grc' dir='ltr'><em>σημείοις</em></span> 
     </span>
     <span class='ocr_line' id='line_1_4' title="bbox 124 513 1143 601; baseline 0.003 -23"><span class='ocrx_word' id='word_1_25' title='bbox 124 517 241 597; x_wconf 79' lang='grc' dir='ltr'><em>γωνίαι</em></span> <span class='ocrx_word' id='word_1_26' title='bbox 268 517 341 598; x_wconf 75' lang='grc' dir='ltr'><em>ἤτοι</em></span> <span class='ocrx_word' id='word_1_27' title='bbox 369 523 438 581; x_wconf 90' lang='grc' dir='ltr'><em>ίσαι</em></span> <span class='ocrx_word' id='word_1_28' title='bbox 466 518 565 600; x_wconf 89' lang='grc' dir='ltr'><em>είσίν,</em></span> <span class='ocrx_word' id='word_1_29' title='bbox 592 515 613 598; x_wconf 73' lang='grc' dir='ltr'>ἢ</span> <span class='ocrx_word' id='word_1_30' title='bbox 639 517 750 580; x_wconf 85' lang='grc' dir='ltr'><em>άνισοι</em></span> <span class='ocrx_word' id='word_1_31' title='bbox 776 515 851 599; x_wconf 85' lang='grc' dir='ltr'><em>μέν,</em></span> <span class='ocrx_word' id='word_1_32' title='bbox 885 513 1059 601; x_wconf 78' lang='grc' dir='ltr'><em>δεδομέναι</em></span> <span class='ocrx_word' id='word_1_33' title='bbox 1080 515 1143 581; x_wconf 83' lang='grc' dir='ltr'><em>δέ·</em></span> 
     </span>
     <span class='ocr_line' id='line_1_5' title="bbox 122 619 1139 708; baseline 0.002 -23"><span class='ocrx_word' id='word_1_34' title='bbox 122 619 177 686; x_wconf 82' lang='grc' dir='ltr'><em>καὶ</em></span> <span class='ocrx_word' id='word_1_35' title='bbox 208 630 268 686; x_wconf 87' lang='grc' dir='ltr'><em>τοῦ</em></span> <span class='ocrx_word' id='word_1_36' title='bbox 301 625 367 686; x_wconf 88' lang='grc' dir='ltr'><em>ΓΚ</em></span> <span class='ocrx_word' id='word_1_37' title='bbox 405 624 469 707; x_wconf 85' lang='grc' dir='ltr'><em>άρα</em></span> <span class='ocrx_word' id='word_1_38' title='bbox 504 622 847 706; x_wconf 77' lang='grc' dir='ltr'><em>παραλληλογράμμου</em></span> <span class='ocrx_word' id='word_1_39' title='bbox 883 622 968 708; x_wconf 83' lang='grc' dir='ltr'><em>πρὸς</em></span> <span class='ocrx_word' id='word_1_40' title='bbox 998 623 1035 686; x_wconf 87' lang='grc' dir='ltr'><em>τὸ</em></span> <span class='ocrx_word' id='word_1_41' title='bbox 1066 625 1139 688; x_wconf 87' lang='grc' dir='ltr'><em>ΛΖ</em></span> 
     </span>
     <span class='ocr_line' id='line_1_6' title="bbox 88 725 1132 814; baseline 0.001 -23"><span class='ocrx_word' id='word_1_42' title='bbox 88 731 465 814; x_wconf 77' lang='grc' dir='ltr'><em>ὀπαραλληλόγραμμον</em></span> <span class='ocrx_word' id='word_1_43' title='bbox 497 731 594 810; x_wconf 81' lang='grc' dir='ltr'><em>λόγος</em></span> <span class='ocrx_word' id='word_1_44' title='bbox 624 726 692 792; x_wconf 81' lang='grc' dir='ltr'><em>ἐστὶ</em></span> <span class='ocrx_word' id='word_1_45' title='bbox 721 729 847 804; x_wconf 74' lang='grc' dir='ltr'><em>δοθείς·</em></span> <span class='ocrx_word' id='word_1_46' title='bbox 881 729 965 792; x_wconf 82' lang='grc' dir='ltr'><em>ὥστε</em></span> <span class='ocrx_word' id='word_1_47' title='bbox 991 725 1132 794; x_wconf 79' lang='grc' dir='ltr'><em>καὶτοῦ</em></span> 
     </span>
     <span class='ocr_line' id='line_1_7' title="bbox 123 832 1126 921; baseline 0.001 -24"><span class='ocrx_word' id='word_1_48' title='bbox 123 837 227 898; x_wconf 82' lang='grc' dir='ltr'><em>ΑΒΓ</em></span> <span class='ocrx_word' id='word_1_49' title='bbox 254 836 420 920; x_wconf 80' lang='grc' dir='ltr'><em>τριγώνου</em></span> <span class='ocrx_word' id='word_1_50' title='bbox 446 836 529 918; x_wconf 89' lang='grc' dir='ltr'><em>πρὸς</em></span> <span class='ocrx_word' id='word_1_51' title='bbox 556 836 593 899; x_wconf 92' lang='grc' dir='ltr'><em>τὸ</em></span> <span class='ocrx_word' id='word_1_52' title='bbox 616 839 717 899; x_wconf 87' lang='grc' dir='ltr'><em>ΔΕΖ</em></span> <span class='ocrx_word' id='word_1_53' title='bbox 749 837 914 921; x_wconf 90' lang='grc' dir='ltr'><em>τρίγωνον</em></span> <span class='ocrx_word' id='word_1_54' title='bbox 942 836 1039 916; x_wconf 90' lang='grc' dir='ltr'><em>λόγος</em></span> <span class='ocrx_word' id='word_1_55' title='bbox 1061 832 1126 898; x_wconf 83' lang='grc' dir='ltr'><em>ε’στλ</em></span> 
     </span>
     <span class='ocr_line' id='line_1_8' title="bbox 125 941 247 1016; baseline 0.008 -13"><span class='ocrx_word' id='word_1_56' title='bbox 125 941 247 1016; x_wconf 47' lang='grc' dir='ltr'><em>ὼὼά.</em></span> 
     </span>
     <span class='ocr_line' id='line_1_9' title="bbox 600 1027 662 1111; baseline 0.016 -18"><span class='ocrx_word' id='word_1_57' title='bbox 600 1027 662 1111; x_wconf 85' lang='grc' dir='ltr'><em>ογ’.</em></span> 
     </span>
     <span class='ocr_line' id='line_1_10' title="bbox 187 1149 1113 1240; baseline 0 -25"><span class='ocrx_word' id='word_1_58' title='bbox 187 1150 262 1215; x_wconf 87' lang='grc' dir='ltr'><em>Ἐάν</em></span> <span class='ocrx_word' id='word_1_59' title='bbox 291 1152 352 1216; x_wconf 90' lang='grc' dir='ltr'><em>δύο</em></span> <span class='ocrx_word' id='word_1_60' title='bbox 379 1153 731 1240; x_wconf 81' lang='grc' dir='ltr'><em>παραλληλογράμμων</em></span> <span class='ocrx_word' id='word_1_61' title='bbox 757 1151 833 1239; x_wconf 80' lang='grc' dir='ltr'><em>περὶ</em></span> <span class='ocrx_word' id='word_1_62' title='bbox 860 1159 935 1229; x_wconf 85' lang='grc' dir='ltr'><em>ίσας</em></span> <span class='ocrx_word' id='word_1_63' title='bbox 962 1149 1113 1235; x_wconf 78' lang='grc' dir='ltr'><em>γωνίαςῆ</em></span> 
     </span>
     <span class='ocr_line' id='line_1_11' title="bbox 72 1255 1111 1345; baseline 0.004 -27"><span class='ocrx_word' id='word_1_64' title='bbox 72 1270 105 1318; x_wconf 88' lang='grc'><em>10</em></span> <span class='ocrx_word' id='word_1_65' title='bbox 123 1255 198 1342; x_wconf 78' lang='grc' dir='ltr'><em>περὶ</em></span> <span class='ocrx_word' id='word_1_66' title='bbox 228 1258 365 1334; x_wconf 83' lang='grc' dir='ltr'><em>ἀνίσους</em></span> <span class='ocrx_word' id='word_1_67' title='bbox 395 1258 470 1343; x_wconf 90' lang='grc' dir='ltr'><em>μέν,</em></span> <span class='ocrx_word' id='word_1_68' title='bbox 502 1259 681 1344; x_wconf 76' lang='grc' dir='ltr'><em>δεδομένας</em></span> <span class='ocrx_word' id='word_1_69' title='bbox 708 1258 758 1344; x_wconf 91' lang='grc' dir='ltr'><em>δέ,</em></span> <span class='ocrx_word' id='word_1_70' title='bbox 790 1261 828 1324; x_wconf 87' lang='grc' dir='ltr'><em>αί</em></span> <span class='ocrx_word' id='word_1_71' title='bbox 856 1257 997 1345; x_wconf 80' lang='grc' dir='ltr'><em>πλευραὶ</em></span> <span class='ocrx_word' id='word_1_72' title='bbox 1027 1258 1111 1332; x_wconf 76' lang='grc' dir='ltr'><em>οὕτως</em></span> 
     </span>
     <span class='ocr_line' id='line_1_12' title="bbox 124 1360 1108 1452; baseline 0.005 -26"><span class='ocrx_word' id='word_1_73' title='bbox 124 1366 252 1446; x_wconf 78' lang='grc' dir='ltr'><em>ἔχωσιν,</em></span> <span class='ocrx_word' id='word_1_74' title='bbox 279 1365 361 1428; x_wconf 84' lang='grc' dir='ltr'><em>ὥστε</em></span> <span class='ocrx_word' id='word_1_75' title='bbox 384 1360 468 1429; x_wconf 80' lang='grc' dir='ltr'><em>εἶναι</em></span> <span class='ocrx_word' id='word_1_76' title='bbox 492 1366 536 1442; x_wconf 84' lang='grc' dir='ltr'><em>ὡς</em></span> <span class='ocrx_word' id='word_1_77' title='bbox 558 1369 620 1450; x_wconf 81' lang='grc' dir='ltr'><em>τὴν</em></span> <span class='ocrx_word' id='word_1_78' title='bbox 642 1375 702 1431; x_wconf 88' lang='grc' dir='ltr'><em>τοῦ</em></span> <span class='ocrx_word' id='word_1_79' title='bbox 724 1368 857 1452; x_wconf 83' lang='grc' dir='ltr'><em>πρώτου</em></span> <span class='ocrx_word' id='word_1_80' title='bbox 880 1367 1027 1452; x_wconf 84' lang='grc' dir='ltr'><em>πλευρὰν</em></span> <span class='ocrx_word' id='word_1_81' title='bbox 1046 1364 1108 1449; x_wconf 73' lang='grc' dir='ltr'><em>πρὸς</em></span> 
     </span>
     <span class='ocr_line' id='line_1_13' title="bbox 123 1469 1105 1556; baseline 0.001 -24"><span class='ocrx_word' id='word_1_82' title='bbox 123 1470 184 1552; x_wconf 78' lang='grc' dir='ltr'><em>τὴν</em></span> <span class='ocrx_word' id='word_1_83' title='bbox 202 1478 262 1534; x_wconf 87' lang='grc' dir='ltr'><em>τοῦ</em></span> <span class='ocrx_word' id='word_1_84' title='bbox 281 1469 436 1556; x_wconf 83' lang='grc' dir='ltr'><em>δευτέρου</em></span> <span class='ocrx_word' id='word_1_85' title='bbox 456 1472 613 1556; x_wconf 91' lang='grc' dir='ltr'><em>πλευράν,</em></span> <span class='ocrx_word' id='word_1_86' title='bbox 637 1472 742 1549; x_wconf 79' lang='grc' dir='ltr'><em>οὕτως</em></span> <span class='ocrx_word' id='word_1_87' title='bbox 759 1474 821 1556; x_wconf 78' lang='grc' dir='ltr'><em>τὴν</em></span> <span class='ocrx_word' id='word_1_88' title='bbox 839 1474 961 1556; x_wconf 79' lang='grc' dir='ltr'><em>λοιπὴν</em></span> <span class='ocrx_word' id='word_1_89' title='bbox 978 1480 1036 1536; x_wconf 85' lang='grc' dir='ltr'><em>τοῦ</em></span> <span class='ocrx_word' id='word_1_90' title='bbox 1052 1471 1105 1535; x_wconf 65' lang='grc' dir='ltr'><em>δαν</em></span> 
     </span>
     <span class='ocr_line' id='line_1_14' title="bbox 125 1574 1104 1663; baseline -0.002 -24"><span class='ocrx_word' id='word_1_91' title='bbox 125 1574 221 1661; x_wconf 84' lang='grc' dir='ltr'><em>τέραα</em></span> <span class='ocrx_word' id='word_1_92' title='bbox 244 1578 392 1662; x_wconf 83' lang='grc' dir='ltr'><em>πλευράν</em></span> <span class='ocrx_word' id='word_1_93' title='bbox 414 1579 497 1663; x_wconf 83' lang='grc' dir='ltr'><em>πρὸς</em></span> <span class='ocrx_word' id='word_1_94' title='bbox 524 1580 628 1661; x_wconf 85' lang='grc' dir='ltr'><em>άλλην</em></span> <span class='ocrx_word' id='word_1_95' title='bbox 650 1579 739 1662; x_wconf 88' lang='grc' dir='ltr'><em>τινά,</em></span> <span class='ocrx_word' id='word_1_96' title='bbox 768 1582 824 1663; x_wconf 80' lang='grc' dir='ltr'><em>ἔχη</em></span> <span class='ocrx_word' id='word_1_97' title='bbox 848 1574 885 1642; x_wconf 72' lang='grc' dir='ltr'><em>δὲ</em></span> <span class='ocrx_word' id='word_1_98' title='bbox 907 1577 928 1661; x_wconf 78' lang='grc' dir='ltr'><em>ἡ</em></span> <span class='ocrx_word' id='word_1_99' title='bbox 953 1579 1045 1660; x_wconf 82' lang='grc' dir='ltr'><em>λοιπη</em></span> <span class='ocrx_word' id='word_1_100' title='bbox 1064 1576 1104 1639; x_wconf 80' lang='grc' dir='ltr'><em>τοῦ</em></span> 
     </span>
     <span class='ocr_line' id='line_1_15' title="bbox 123 1675 1104 1769; baseline -0.002 -23"><span class='ocrx_word' id='word_1_101' title='bbox 123 1683 257 1769; x_wconf 83' lang='grc' dir='ltr'><em>πρώτου</em></span> <span class='ocrx_word' id='word_1_102' title='bbox 275 1685 401 1767; x_wconf 85' lang='grc' dir='ltr'><em>πλευρά</em></span> <span class='ocrx_word' id='word_1_103' title='bbox 419 1685 501 1769; x_wconf 86' lang='grc' dir='ltr'><em>πρὸς</em></span> <span class='ocrx_word' id='word_1_104' title='bbox 520 1684 625 1768; x_wconf 79' lang='grc' dir='ltr'><em>αὐτὴν</em></span> <span class='ocrx_word' id='word_1_105' title='bbox 643 1687 743 1766; x_wconf 92' lang='grc' dir='ltr'><em>λόγον</em></span> <span class='ocrx_word' id='word_1_106' title='bbox 762 1682 952 1768; x_wconf 75' lang='grc' dir='ltr'><em>δεδομένον,</em></span> <span class='ocrx_word' id='word_1_107' title='bbox 975 1682 1028 1749; x_wconf 77' lang='grc' dir='ltr'><em>καί</em></span> <span class='ocrx_word' id='word_1_108' title='bbox 1044 1675 1104 1746; x_wconf 81' lang='grc' dir='ltr'><em>αι’πδ</em></span> 
     </span>
     <span class='ocr_line' id='line_1_16' title="bbox 71 1785 1104 1876; baseline -0.003 -27"><span class='ocrx_word' id='word_1_109' title='bbox 71 1801 104 1849; x_wconf 89' lang='lat'><em>15</em></span> <span class='ocrx_word' id='word_1_110' title='bbox 123 1790 163 1853; x_wconf 82' lang='grc' dir='ltr'><em>τά</em></span> <span class='ocrx_word' id='word_1_111' title='bbox 193 1793 517 1876; x_wconf 88' lang='grc' dir='ltr'><em>παραλληλόγραμμα</em></span> <span class='ocrx_word' id='word_1_112' title='bbox 548 1792 631 1875; x_wconf 91' lang='grc' dir='ltr'><em>πρὸς</em></span> <span class='ocrx_word' id='word_1_113' title='bbox 662 1792 786 1874; x_wconf 88' lang='grc' dir='ltr'><em>άλληλα</em></span> <span class='ocrx_word' id='word_1_114' title='bbox 818 1792 919 1872; x_wconf 92' lang='grc' dir='ltr'><em>λόγον</em></span> <span class='ocrx_word' id='word_1_115' title='bbox 947 1788 1009 1866; x_wconf 71' lang='grc' dir='ltr'><em>ἕξει</em></span> <span class='ocrx_word' id='word_1_116' title='bbox 1034 1785 1104 1852; x_wconf 72' lang='grc' dir='ltr'><em>δεδι</em></span> 
     </span>
     <span class='ocr_line' id='line_1_17' title="bbox 123 1895 231 1979; baseline 0 -19"><span class='ocrx_word' id='word_1_117' title='bbox 123 1895 231 1979; x_wconf 91' lang='grc' dir='ltr'><em>μένου.</em></span> 
     </span>
     <span class='ocr_line' id='line_1_18' title="bbox 190 1987 1103 2087; baseline -0.004 -22"><span class='ocrx_word' id='word_1_118' title='bbox 190 2002 250 2066; x_wconf 85' lang='grc' dir='ltr'><em>δύο</em></span> <span class='ocrx_word' id='word_1_119' title='bbox 284 2003 346 2083; x_wconf 82' lang='grc' dir='ltr'><em>γάρ</em></span> <span class='ocrx_word' id='word_1_120' title='bbox 378 2002 727 2087; x_wconf 76' lang='grc' dir='ltr'><em>παραλληλογράμμων</em></span> <span class='ocrx_word' id='word_1_121' title='bbox 759 2013 826 2067; x_wconf 83' lang='grc' dir='ltr'><em>τῶν</em></span> <span class='ocrx_word' id='word_1_122' title='bbox 853 2006 930 2086; x_wconf 90' lang='grc' dir='ltr'><em>ΑΒ,</em></span> <span class='ocrx_word' id='word_1_123' title='bbox 956 2004 1027 2067; x_wconf 92' lang='grc' dir='ltr'><em>ΕΗ</em></span> <span class='ocrx_word' id='word_1_124' title='bbox 1049 1987 1103 2076; x_wconf 69' lang='grc' dir='ltr'><em>περὶ</em></span> 
     </span>
     <span class='ocr_line' id='line_1_19' title="bbox 125 2098 1105 2193; baseline 0 -23"><span class='ocrx_word' id='word_1_125' title='bbox 125 2113 196 2182; x_wconf 85' lang='grc' dir='ltr'><em>ίσας</em></span> <span class='ocrx_word' id='word_1_126' title='bbox 219 2111 341 2188; x_wconf 79' lang='grc' dir='ltr'><em>γωνίας</em></span> <span class='ocrx_word' id='word_1_127' title='bbox 368 2106 388 2189; x_wconf 73' lang='grc' dir='ltr'><em>ἢ</em></span> <span class='ocrx_word' id='word_1_128' title='bbox 411 2107 485 2193; x_wconf 84' lang='grc' dir='ltr'><em>περὶ</em></span> <span class='ocrx_word' id='word_1_129' title='bbox 514 2107 650 2183; x_wconf 80' lang='grc' dir='ltr'><em>ἀνίσους</em></span> <span class='ocrx_word' id='word_1_130' title='bbox 677 2106 753 2192; x_wconf 89' lang='grc' dir='ltr'><em>μέν,</em></span> <span class='ocrx_word' id='word_1_131' title='bbox 786 2107 965 2192; x_wconf 80' lang='grc' dir='ltr'><em>δεδομένας</em></span> <span class='ocrx_word' id='word_1_132' title='bbox 993 2106 1038 2190; x_wconf 90' lang='grc' dir='ltr'><em>δέ,</em></span> <span class='ocrx_word' id='word_1_133' title='bbox 1064 2098 1105 2170; x_wconf 67' lang='grc' dir='ltr'><em>τὰς</em></span> 
     </span>
     <span class='ocr_line' id='line_1_20' title="bbox 123 2203 1103 2300; baseline -0.001 -26"><span class='ocrx_word' id='word_1_134' title='bbox 123 2211 205 2296; x_wconf 88' lang='grc' dir='ltr'><em>πρὸς</em></span> <span class='ocrx_word' id='word_1_135' title='bbox 223 2224 292 2288; x_wconf 77' lang='grc' dir='ltr'><em>τοῖς</em></span> <span class='ocrx_word' id='word_1_136' title='bbox 311 2215 348 2295; x_wconf 93' lang='grc' dir='ltr'><em>Γ,</em></span> <span class='ocrx_word' id='word_1_137' title='bbox 365 2217 391 2275; x_wconf 92' lang='grc' dir='ltr'>Ζ</span> <span class='ocrx_word' id='word_1_138' title='bbox 415 2215 452 2276; x_wconf 82' lang='grc' dir='ltr'><em>αλ</em></span> <span class='ocrx_word' id='word_1_139' title='bbox 467 2211 606 2298; x_wconf 82' lang='grc' dir='ltr'><em>πλευραί</em></span> <span class='ocrx_word' id='word_1_140' title='bbox 629 2212 734 2289; x_wconf 82' lang='grc' dir='ltr'><em>οὕτως</em></span> <span class='ocrx_word' id='word_1_141' title='bbox 752 2210 914 2296; x_wconf 77' lang='grc' dir='ltr'><em>ἐχέτωσαν</em></span> <span class='ocrx_word' id='word_1_142' title='bbox 931 2215 1014 2300; x_wconf 88' lang='grc' dir='ltr'><em>πρὸς</em></span> <span class='ocrx_word' id='word_1_143' title='bbox 1029 2203 1103 2285; x_wconf 77' lang='grc' dir='ltr'><em>ἀλλή-</em></span> 
     </span>
     <span class='ocr_line' id='line_1_21' title="bbox 71 2309 1104 2405; baseline 0.009 -29"><span class='ocrx_word' id='word_1_144' title='bbox 71 2328 105 2377; x_wconf 80' lang='lat'><em>20</em></span> <span class='ocrx_word' id='word_1_145' title='bbox 124 2322 192 2401; x_wconf 89' lang='grc' dir='ltr'><em>λας,</em></span> <span class='ocrx_word' id='word_1_146' title='bbox 216 2318 297 2382; x_wconf 83' lang='grc' dir='ltr'><em>ὥστε</em></span> <span class='ocrx_word' id='word_1_147' title='bbox 321 2313 405 2382; x_wconf 82' lang='grc' dir='ltr'><em>εἶναι</em></span> <span class='ocrx_word' id='word_1_148' title='bbox 429 2318 473 2393; x_wconf 83' lang='grc' dir='ltr'><em>ὡς</em></span> <span class='ocrx_word' id='word_1_149' title='bbox 495 2320 556 2402; x_wconf 80' lang='grc' dir='ltr'><em>τὴν</em></span> <span class='ocrx_word' id='word_1_150' title='bbox 576 2322 636 2383; x_wconf 89' lang='grc' dir='ltr'><em>ΓΒ</em></span> <span class='ocrx_word' id='word_1_151' title='bbox 659 2319 742 2405; x_wconf 87' lang='grc' dir='ltr'><em>πρὸς</em></span> <span class='ocrx_word' id='word_1_152' title='bbox 764 2318 825 2401; x_wconf 77' lang='grc' dir='ltr'><em>τὴν</em></span> <span class='ocrx_word' id='word_1_153' title='bbox 845 2323 923 2403; x_wconf 88' lang='grc' dir='ltr'><em>ΖΗ,</em></span> <span class='ocrx_word' id='word_1_154' title='bbox 947 2309 1104 2395; x_wconf 63' lang='grc' dir='ltr'><em>οὕτωςτδί</em></span> 
     </span>
     <span class='ocr_line' id='line_1_22' title="bbox 123 2421 1105 2511; baseline -0.001 -24"><span class='ocrx_word' id='word_1_155' title='bbox 123 2428 186 2487; x_wconf 89' lang='grc' dir='ltr'><em>ΕΖ</em></span> <span class='ocrx_word' id='word_1_156' title='bbox 208 2425 290 2507; x_wconf 90' lang='grc' dir='ltr'><em>πρὸς</em></span> <span class='ocrx_word' id='word_1_157' title='bbox 313 2423 373 2506; x_wconf 81' lang='grc' dir='ltr'><em>την</em></span> <span class='ocrx_word' id='word_1_158' title='bbox 397 2427 477 2508; x_wconf 94' lang='grc' dir='ltr'><em>ΓΚ,</em></span> <span class='ocrx_word' id='word_1_159' title='bbox 509 2434 567 2507; x_wconf 82' lang='grc' dir='ltr'><em>τῆς</em></span> <span class='ocrx_word' id='word_1_160' title='bbox 595 2421 632 2488; x_wconf 70' lang='grc' dir='ltr'><em>δέ</em></span> <span class='ocrx_word' id='word_1_161' title='bbox 654 2428 724 2489; x_wconf 87' lang='grc' dir='ltr'><em>ΑΓ</em></span> <span class='ocrx_word' id='word_1_162' title='bbox 750 2425 833 2511; x_wconf 90' lang='grc' dir='ltr'><em>πρὸς</em></span> <span class='ocrx_word' id='word_1_163' title='bbox 860 2425 920 2508; x_wconf 80' lang='grc' dir='ltr'><em>τὴν</em></span> <span class='ocrx_word' id='word_1_164' title='bbox 944 2429 1011 2491; x_wconf 89' lang='grc' dir='ltr'><em>ΓΚ</em></span> <span class='ocrx_word' id='word_1_165' title='bbox 1031 2424 1105 2501; x_wconf 71' lang='grc' dir='ltr'><em>λόγος</em></span> 
     </span>
     <span class='ocr_line' id='line_1_23' title="bbox 123 2526 1103 2617; baseline 0 -23"><span class='ocrx_word' id='word_1_166' title='bbox 123 2526 1103 2617; x_wconf 51' lang='lat' dir='ltr'><em>QMMMQMmmfflmMWWW</em></span> 
     </span>
     <span class='ocr_line' id='line_1_24' title="bbox 122 2635 1067 2722; baseline -0.001 -21"><span class='ocrx_word' id='word_1_167' title='bbox 122 2638 204 2722; x_wconf 91' lang='grc' dir='ltr'><em>πρὸς</em></span> <span class='ocrx_word' id='word_1_168' title='bbox 226 2638 262 2701; x_wconf 91' lang='grc' dir='ltr'><em>τὸ</em></span> <span class='ocrx_word' id='word_1_169' title='bbox 286 2641 360 2701; x_wconf 89' lang='grc' dir='ltr'><em>ΕΗ</em></span> <span class='ocrx_word' id='word_1_170' title='bbox 377 2639 719 2722; x_wconf 91' lang='grc' dir='ltr'><em>παραλληλόγραμμον</em></span> <span class='ocrx_word' id='word_1_171' title='bbox 743 2640 840 2719; x_wconf 87' lang='grc' dir='ltr'><em>λόγος</em></span> <span class='ocrx_word' id='word_1_172' title='bbox 863 2635 932 2702; x_wconf 75' lang='grc' dir='ltr'><em>ἐστὶ</em></span> <span class='ocrx_word' id='word_1_173' title='bbox 957 2638 1067 2711; x_wconf 79' lang='grc' dir='ltr'><em>δοθείς.</em></span> 
     </span>
     <span class='ocr_line' id='line_1_25' title="bbox 188 2724 1105 2831; baseline 0.001 -23"><span class='ocrx_word' id='word_1_174' title='bbox 188 2747 270 2808; x_wconf 84' lang='grc' dir='ltr'><em>έστω</em></span> <span class='ocrx_word' id='word_1_175' title='bbox 294 2744 356 2828; x_wconf 88' lang='grc' dir='ltr'><em>γάρ</em></span> <span class='ocrx_word' id='word_1_176' title='bbox 380 2745 541 2828; x_wconf 84' lang='grc' dir='ltr'><em>πρότερον</em></span> <span class='ocrx_word' id='word_1_177' title='bbox 564 2743 601 2807; x_wconf 90' lang='grc' dir='ltr'><em>τὸ</em></span> <span class='ocrx_word' id='word_1_178' title='bbox 620 2747 684 2807; x_wconf 87' lang='grc' dir='ltr'><em>ΑΒ</em></span> <span class='ocrx_word' id='word_1_179' title='bbox 708 2753 753 2831; x_wconf 78' lang='grc' dir='ltr'><em>τῷ</em></span> <span class='ocrx_word' id='word_1_180' title='bbox 773 2747 847 2807; x_wconf 87' lang='grc' dir='ltr'><em>ΕΗ</em></span> <span class='ocrx_word' id='word_1_181' title='bbox 866 2745 1046 2826; x_wconf 79' lang='grc' dir='ltr'><em>ἰσογώνιον,</em></span> <span class='ocrx_word' id='word_1_182' title='bbox 1064 2724 1105 2800; x_wconf 56' lang='grc' dir='ltr'><em>καὶ</em></span> 
     </span>
     <span class='ocr_line' id='line_1_26' title="bbox 69 2847 1104 2938; baseline 0.002 -30"><span class='ocrx_word' id='word_1_183' title='bbox 69 2859 103 2908; x_wconf 77' lang='lat'><em>26</em></span> <span class='ocrx_word' id='word_1_184' title='bbox 120 2850 384 2936; x_wconf 74' lang='grc' dir='ltr'><em>παραβεβλήσθω</em></span> <span class='ocrx_word' id='word_1_185' title='bbox 412 2849 501 2935; x_wconf 83' lang='grc' dir='ltr'><em>παρά</em></span> <span class='ocrx_word' id='word_1_186' title='bbox 528 2847 589 2930; x_wconf 77' lang='grc' dir='ltr'><em>τὴν</em></span> <span class='ocrx_word' id='word_1_187' title='bbox 615 2852 683 2913; x_wconf 91' lang='grc' dir='ltr'><em>ΒΓ</em></span> <span class='ocrx_word' id='word_1_188' title='bbox 710 2849 846 2924; x_wconf 73' lang='grc' dir='ltr'><em>εὐθεῖαν</em></span> <span class='ocrx_word' id='word_1_189' title='bbox 873 2859 919 2938; x_wconf 77' lang='grc' dir='ltr'><em>τῷ</em></span> <span class='ocrx_word' id='word_1_190' title='bbox 945 2853 1019 2915; x_wconf 92' lang='grc' dir='ltr'><em>ΕΗ</em></span> <span class='ocrx_word' id='word_1_191' title='bbox 1041 2860 1104 2921; x_wconf 59' lang='grc' dir='ltr'><em>τόν</em></span> 
     </span>
     <span class='ocr_line' id='line_1_27' title="bbox 193 2999 1102 3076; baseline 0.004 -20"><span class='ocrx_word' id='word_1_192' title='bbox 193 3009 217 3057; x_wconf 80' lang='grc'><em>2.</em></span> <span class='ocrx_word' id='word_1_193' title='bbox 238 3004 271 3074; x_wconf 88' lang='grc' dir='ltr'><em>Β]</em></span> <span class='ocrx_word' id='word_1_194' title='bbox 291 3011 316 3056; x_wconf 90' lang='grc' dir='ltr'><em>Δ</em></span> <span class='ocrx_word' id='word_1_195' title='bbox 333 3003 360 3058; x_wconf 87' lang='lat' dir='ltr'><em>b.</em></span> <span class='ocrx_word' id='word_1_196' title='bbox 424 3010 449 3058; x_wconf 88' lang='lat'><em>4.</em></span> <span class='ocrx_word' id='word_1_197' title='bbox 470 3008 528 3057; x_wconf 93' lang='grc' dir='ltr'><em>ΚΓ</em></span> <span class='ocrx_word' id='word_1_198' title='bbox 542 3003 568 3057; x_wconf 92' lang='lat' dir='ltr'><em>b.</em></span> <span class='ocrx_word' id='word_1_199' title='bbox 633 3010 673 3058; x_wconf 81' lang='lat'><em>12.</em></span> <span class='ocrx_word' id='word_1_200' title='bbox 695 3002 791 3076; x_wconf 68' lang='grc' dir='ltr'><em>οὕτως]</em></span> <span class='ocrx_word' id='word_1_201' title='bbox 811 3003 877 3059; x_wconf 77' lang='grc' dir='ltr'><em>ὥστε</em></span> <span class='ocrx_word' id='word_1_202' title='bbox 895 3006 923 3060; x_wconf 92' lang='lat' dir='ltr'><em>b.</em></span> <span class='ocrx_word' id='word_1_203' title='bbox 981 3011 1019 3059; x_wconf 79' lang='lat'><em>13.</em></span> <span class='ocrx_word' id='word_1_204' title='bbox 1037 2999 1102 3060; x_wconf 57' lang='lat' dir='ltr'><em>&amp;W</em></span> 
     </span>
     <span class='ocr_line' id='line_1_28' title="bbox 122 3061 1101 3148; baseline 0.008 -23"><span class='ocrx_word' id='word_1_205' title='bbox 122 3106 157 3114; x_wconf 92' lang='lat'><em>-</em></span> <span class='ocrx_word' id='word_1_206' title='bbox 176 3079 218 3127; x_wconf 87' lang='grc'><em>14.</em></span> <span class='ocrx_word' id='word_1_207' title='bbox 242 3072 407 3146; x_wconf 85' lang='grc' dir='ltr'><em>δεδομένου]</em></span> <span class='ocrx_word' id='word_1_208' title='bbox 431 3075 481 3144; x_wconf 82' lang='grc' dir='ltr'><em>τὴν</em></span> <span class='ocrx_word' id='word_1_209' title='bbox 504 3075 604 3144; x_wconf 78' lang='grc' dir='ltr'><em>λοιπὴν</em></span> <span class='ocrx_word' id='word_1_210' title='bbox 627 3083 676 3129; x_wconf 84' lang='grc' dir='ltr'><em>τοῦ</em></span> <span class='ocrx_word' id='word_1_211' title='bbox 700 3077 810 3144; x_wconf 82' lang='grc' dir='ltr'><em>πρώτον</em></span> <span class='ocrx_word' id='word_1_212' title='bbox 833 3075 916 3145; x_wconf 91' lang='grc' dir='ltr'><em>λόγον</em></span> <span class='ocrx_word' id='word_1_213' title='bbox 941 3075 1012 3148; x_wconf 78' lang='grc' dir='ltr'><em>ἔχειν</em></span> <span class='ocrx_word' id='word_1_214' title='bbox 1029 3071 1070 3143; x_wconf 65' lang='lat' dir='ltr'><em>(siv</em></span> <span class='ocrx_word' id='word_1_215' title='bbox 1083 3061 1101 3133; x_wconf 68' lang='grc' dir='ltr'><em>έν</em></span> 
     </span>
     <span class='ocr_line' id='line_1_29' title="bbox 124 3134 1100 3219; baseline 0 -20"><span class='ocrx_word' id='word_1_216' title='bbox 124 3143 179 3215; x_wconf 77' lang='grc' dir='ltr'><em>ἔχει</em></span> <span class='ocrx_word' id='word_1_217' title='bbox 196 3143 225 3214; x_wconf 80' lang='lat' dir='ltr'><em>b)</em></span> <span class='ocrx_word' id='word_1_218' title='bbox 244 3142 396 3213; x_wconf 84' lang='grc' dir='ltr'><em>δεδομένον</em></span> <span class='ocrx_word' id='word_1_219' title='bbox 415 3145 441 3198; x_wconf 94' lang='lat' dir='ltr'><em>b.</em></span> <span class='ocrx_word' id='word_1_220' title='bbox 516 3151 556 3199; x_wconf 84' lang='lat'><em>13.</em></span> <span class='ocrx_word' id='word_1_221' title='bbox 579 3145 634 3216; x_wconf 83' lang='grc' dir='ltr'><em>έχει</em></span> <span class='ocrx_word' id='word_1_222' title='bbox 652 3164 676 3199; x_wconf 77' lang='grc' dir='ltr'><em>υ.</em></span> <span class='ocrx_word' id='word_1_223' title='bbox 751 3152 791 3200; x_wconf 89' lang='grc'><em>14.</em></span> <span class='ocrx_word' id='word_1_224' title='bbox 812 3146 895 3219; x_wconf 78' lang='grc' dir='ltr'><em>αὐτά]</em></span> <span class='ocrx_word' id='word_1_225' title='bbox 916 3164 969 3201; x_wconf 91' lang='lat' dir='ltr'><em>om.</em></span> <span class='ocrx_word' id='word_1_226' title='bbox 984 3147 1009 3201; x_wconf 92' lang='lat' dir='ltr'><em>b.</em></span> <span class='ocrx_word' id='word_1_227' title='bbox 1071 3134 1100 3189; x_wconf 73' lang='lat'><em>1⁶·</em></span> 
     </span>
     <span class='ocr_line' id='line_1_30' title="bbox 122 3196 1101 3286; baseline -0.002 -16"><span class='ocrx_word' id='word_1_228' title='bbox 122 3216 191 3283; x_wconf 85' lang='grc' dir='ltr'><em>πρὸς</em></span> <span class='ocrx_word' id='word_1_229' title='bbox 213 3214 327 3286; x_wconf 87' lang='grc' dir='ltr'><em>άλληλα]</em></span> <span class='ocrx_word' id='word_1_230' title='bbox 351 3215 442 3269; x_wconf 88' lang='lat' dir='ltr'>om.b</span> <span class='ocrx_word' id='word_1_231' title='bbox 467 3217 533 3284; x_wconf 88' lang='lat' dir='ltr'>(non</span> <span class='ocrx_word' id='word_1_232' title='bbox 555 3218 590 3286; x_wconf 82' lang='grc' dir='ltr'><em>β).</em></span> <span class='ocrx_word' id='word_1_233' title='bbox 681 3221 722 3270; x_wconf 85' lang='lat'><em>18.</em></span> <span class='ocrx_word' id='word_1_234' title='bbox 750 3216 801 3280; x_wconf 80' lang='grc' dir='ltr'><em>τὰς</em></span> <span class='ocrx_word' id='word_1_235' title='bbox 824 3215 886 3281; x_wconf 84' lang='grc' dir='ltr'><em>ίσας</em></span> <span class='ocrx_word' id='word_1_236' title='bbox 908 3219 935 3273; x_wconf 91' lang='lat' dir='ltr'><em>b.</em></span> <span class='ocrx_word' id='word_1_237' title='bbox 1024 3219 1058 3269; x_wconf 82' lang='lat'><em>19.</em></span> <span class='ocrx_word' id='word_1_238' title='bbox 1079 3196 1101 3256; x_wconf 58' lang='grc' dir='ltr'><em>αδ</em></span> 
     </span>
     <span class='ocr_line' id='line_1_31' title="bbox 121 3277 1099 3412; baseline -0.001 -71"><span class='ocrx_word' id='word_1_239' title='bbox 121 3283 253 3412; x_wconf 60' lang='grc' dir='ltr'><em>ιιωραρχ</em></span> <span class='ocrx_word' id='word_1_240' title='bbox 274 3290 299 3340; x_wconf 80' lang='grc' dir='ltr'><strong>Ε</strong></span> <span class='ocrx_word' id='word_1_241' title='bbox 317 3284 437 3355; x_wconf 68' lang='grc' dir='ltr'><em>πλευράς</em></span> <span class='ocrx_word' id='word_1_242' title='bbox 454 3285 480 3339; x_wconf 83' lang='lat' dir='ltr'><em>b.</em></span> <span class='ocrx_word' id='word_1_243' title='bbox 563 3292 604 3340; x_wconf 76' lang='grc' dir='ltr'><em>ω.</em></span> <span class='ocrx_word' id='word_1_244' title='bbox 631 3288 699 3358; x_wconf 76' lang='grc' dir='ltr'><em>ΓΚ]</em></span> <span class='ocrx_word' id='word_1_245' title='bbox 718 3293 774 3341; x_wconf 77' lang='grc' dir='ltr'><em>ΑΓ</em></span> <span class='ocrx_word' id='word_1_246' title='bbox 788 3288 815 3343; x_wconf 80' lang='lat' dir='ltr'><em>b.</em></span> <span class='ocrx_word' id='word_1_247' title='bbox 896 3297 946 3359; x_wconf 62' lang='grc' dir='ltr'><em>της</em></span> <span class='ocrx_word' id='word_1_248' title='bbox 965 3320 998 3330; x_wconf 92' lang='grc'>-</span> <span class='ocrx_word' id='word_1_249' title='bbox 1014 3291 1049 3341; x_wconf 81' lang='grc' dir='ltr'><em>υ.</em></span> <span class='ocrx_word' id='word_1_250' title='bbox 1065 3277 1099 3332; x_wconf 66' lang='grc' dir='ltr'><em>ὃν</em></span> 
     </span>
    </p>
   </div>
   <div class='ocr_carea' id='block_1_3' title="bbox 120 3348 1098 3502">
    <p class='ocr_par' dir='ltr' id='par_1_3' title="bbox 120 3348 1098 3502">
     <span class='ocr_line' id='line_1_32' title="bbox 120 3348 1096 3431; baseline -0.001 -18"><span class='ocrx_word' id='word_1_251' title='bbox 120 3355 196 3431; x_wconf 74' lang='grc' dir='ltr'><em>θείς]</em></span> <span class='ocrx_word' id='word_1_252' title='bbox 214 3361 229 3412; x_wconf 94' lang='grc' dir='ltr'><em>λ</em></span> <span class='ocrx_word' id='word_1_253' title='bbox 247 3377 298 3426; x_wconf 89' lang='grc' dir='ltr'><em>γον</em></span> <span class='ocrx_word' id='word_1_254' title='bbox 318 3355 390 3428; x_wconf 80' lang='grc' dir='ltr'><em>ἔχειν</em></span> <span class='ocrx_word' id='word_1_255' title='bbox 409 3353 561 3424; x_wconf 83' lang='grc' dir='ltr'><em>δεδομένον</em></span> <span class='ocrx_word' id='word_1_256' title='bbox 580 3357 606 3411; x_wconf 89' lang='lat' dir='ltr'><em>b.</em></span> <span class='ocrx_word' id='word_1_257' title='bbox 680 3364 722 3413; x_wconf 77' lang='lat'><em>21.</em></span> <span class='ocrx_word' id='word_1_258' title='bbox 741 3358 793 3427; x_wconf 82' lang='grc' dir='ltr'><em>τήν</em></span> <span class='ocrx_word' id='word_1_259' title='bbox 808 3358 890 3431; x_wconf 81' lang='lat' dir='ltr'>(alt.)]</span> <span class='ocrx_word' id='word_1_260' title='bbox 911 3377 964 3415; x_wconf 79' lang='lat' dir='ltr'><em>om</em></span> <span class='ocrx_word' id='word_1_261' title='bbox 983 3377 1007 3414; x_wconf 82' lang='lat' dir='ltr'><em>v.</em></span> <span class='ocrx_word' id='word_1_262' title='bbox 1067 3348 1096 3401; x_wconf 59' lang='grc' dir='ltr'><em>δέ·</em></span> 
     </span>
     <span class='ocr_line' id='line_1_33' title="bbox 120 3410 1098 3502; baseline -0.003 -17"><span class='ocrx_word' id='word_1_263' title='bbox 120 3428 419 3499; x_wconf 76' lang='grc' dir='ltr'><em>παραλληλόγραμμον]</em></span> <span class='ocrx_word' id='word_1_264' title='bbox 439 3445 491 3481; x_wconf 87' lang='lat' dir='ltr'><em>om.</em></span> <span class='ocrx_word' id='word_1_265' title='bbox 511 3427 537 3481; x_wconf 91' lang='lat' dir='ltr'><em>b.</em></span> <span class='ocrx_word' id='word_1_266' title='bbox 602 3434 643 3482; x_wconf 82' lang='lat'><em>24.</em></span> <span class='ocrx_word' id='word_1_267' title='bbox 668 3429 815 3502; x_wconf 87' lang='grc' dir='ltr'><em>πρότερον]</em></span> <span class='ocrx_word' id='word_1_268' title='bbox 835 3446 887 3485; x_wconf 89' lang='lat' dir='ltr'><em>om.</em></span> <span class='ocrx_word' id='word_1_269' title='bbox 907 3431 934 3486; x_wconf 88' lang='lat' dir='ltr'><em>b.</em></span> <span class='ocrx_word' id='word_1_270' title='bbox 994 3431 1030 3484; x_wconf 76' lang='lat'><em>25.</em></span> <span class='ocrx_word' id='word_1_271' title='bbox 1047 3410 1098 3482; x_wconf 77' lang='grc' dir='ltr'><em>ΒΓ]</em></span> 
     </span>
    </p>
   </div>
   <div class='ocr_carea' id='block_1_4' title="bbox 119 3498 511 3573">
    <p class='ocr_par' dir='ltr' id='par_1_4' title="bbox 119 3498 511 3573">
     <span class='ocr_line' id='line_1_34' title="bbox 119 3498 511 3573; baseline 0 -19"><span class='ocrx_word' id='word_1_272' title='bbox 119 3502 173 3555; x_wconf 84' lang='grc' dir='ltr'><em>ΓΒ</em></span> <span class='ocrx_word' id='word_1_273' title='bbox 191 3500 238 3556; x_wconf 69' lang='lat' dir='ltr'><em>rb.</em></span> <span class='ocrx_word' id='word_1_274' title='bbox 313 3500 387 3573; x_wconf 82' lang='grc' dir='ltr'><em>ΕΗ]</em></span> <span class='ocrx_word' id='word_1_275' title='bbox 409 3503 466 3555; x_wconf 89' lang='grc' dir='ltr'><em>ΗΕ</em></span> <span class='ocrx_word' id='word_1_276' title='bbox 483 3498 511 3554; x_wconf 92' lang='lat' dir='ltr'><em>b.</em></span> 
     </span>
    </p>
   </div>
   <div class='ocr_carea' id='block_1_5' title="bbox 0 0 1181 3818">
    <p class='ocr_par' dir='ltr' id='par_1_5' title="bbox 0 0 1181 3818">
     <span class='ocr_line' id='line_1_35' title="bbox 0 0 1181 3818; baseline 0 2"><span class='ocrx_word' id='word_1_277' title='bbox 0 0 1181 3818; x_wconf 95' lang='lat' dir='ltr'><em> </em></span> 
     </span>
    </p>
   </div>
  </div>
 </body>
</html>
