2356 3818
132 111 195 174 126
534 110 729 163 ΔΕΔοΜΕΝΑ

129 265 189 320 τοῦ
216 255 282 319 ὑπὸ
310 266 378 319 τῶν
406 256 507 317 ΒΑΓ
534 254 618 338 πρὸς
645 255 682 318 τὸ
709 255 775 319 ὑπὸ
803 267 871 321 τῶν
893 260 992 322 ΕΓΔ
1017 259 1164 333 δοθείς.

129 370 189 424 τοῦ
214 358 250 424 δέ
273 361 338 425 ὑπὸ
361 371 428 425 τῶν
451 362 552 424 ΒΑΓ
568 361 651 445 πρὸς
674 362 711 425 τὸ
735 365 841 426 ΑΒΓ
858 367 1021 449 τρίγωνον
1042 366 1164 445 λόγως

130 465 198 531 ἐστὶ
222 469 345 549 δοθείς,
369 467 425 531 διὰ
444 467 481 531 τὸ
501 468 662 532 δοθεῖσαν
681 461 766 532 εἶναι
785 470 847 552 τὴν
865 469 932 535 ὑπὸ
948 481 1014 535 τῶν
1028 471 1142 534 ΒΑΓ
1151 486 1158 501 ·

129 572 183 637 καὶ
206 582 266 636 τοῦ
289 573 354 638 ὑπὸ
378 584 446 637 τῶν
465 576 567 637 ΑΓΕ
588 575 652 659 ίίρα
674 575 758 659 πρὸς
778 576 814 639 τὸ
833 579 941 641 ΑΒΓ
958 580 1051 658 λόγος
1066 570 1158 640 ἐστὶ

94 679 252 754 οδοθείς.
291 682 349 743 καί
370 679 438 743 ἐστι
462 680 499 743 τὸ
522 678 587 744 ὑπὸ
607 682 717 763 ΔΓΕ,
742 673 768 767 ᾧ
791 683 901 764 μεῖζόν
926 681 994 746 ἐστι
1016 683 1050 746 τὸ
1069 679 1154 745 ἀπὸ

129 783 383 870 συναμφοτέρου
415 795 473 867 τῆς
501 788 601 849 ΒΑΓ
628 794 688 849 τοῦ
721 785 785 850 ἀπὸ
817 795 876 869 τῆς
904 791 983 852 ΒΓ·
1020 780 1045 874 ᾧ
1069 788 1154 869 ἄρα

127 895 238 975 μεῖζόν
262 891 330 955 ἐστι
358 891 395 954 τὸ
419 889 482 954 ἀπὸ
507 890 761 977 συναμφοτέρου
788 902 846 975 τῆς
869 896 971 957 ΒΑΓ
992 901 1048 957 τοῦ
1067 887 1151 954 Art&

128 1006 186 1080 τῆς
213 1000 289 1080 ΒΓ,
322 997 427 1061 έκεῖνο
460 998 497 1061 τὸ
525 1001 649 1082 χωρίον
675 998 758 1084 πρὸς
784 999 821 1063 τὸ
850 1002 1016 1084 τρίγωνον
1038 1000 1152 1080 λόγον

128 1102 191 1180 ἔξει
215 1101 403 1186 δεδομένον.

75 1276 108 1324 ω
602 1261 662 1346 w

193 1383 269 1449 Ἐὰν
292 1387 354 1450 δύο
379 1389 536 1468 ἰσογώνια
559 1390 884 1473 παραλληλόγραμμα
911 1388 995 1473 πρὸς
1015 1383 1150 1467 ἄλληλα

128 1494 229 1573 λόγον
251 1495 307 1577 ἔχῃ
331 1492 521 1577 δεδομένον,
544 1492 599 1558 καὶ
617 1497 676 1577 μία
694 1494 822 1579 αλευρδι
843 1495 927 1580 πρὸς
944 1497 1024 1578 μίαν
1039 1495 1150 1557 mcv·

128 1599 191 1683 ρὰν
218 1601 320 1680 λόγον
347 1602 402 1683 έχγ
430 1599 624 1683 δεδομένον,
655 1599 711 1664 καὶ
738 1600 758 1683 ἡ
787 1602 885 1682 λοιπὴ
908 1600 1033 1685 πλευρὰ
1052 1589 1151 1682 πρὸς

127 1707 188 1788 τὴν
211 1707 331 1789 λοιπὴν
353 1707 501 1790 πλευρὰν
524 1709 625 1787 λόγον
647 1704 710 1783 έξει
734 1705 922 1790 δεδομένον.

74 1823 107 1871 15
194 1812 256 1875 δύο
284 1812 346 1897 γὰρ
377 1813 535 1892 ἰσογώνια
562 1815 887 1897 παραλληλόγραμμα
914 1813 955 1877 τοὶ
978 1815 1056 1894 ΑΒ,
1073 1803 1119 1875 Γ
1107 1794 1154 1867 Λ

126 1918 209 2002 πρὸς
232 1918 357 2000 ἄλληλα
381 1920 481 1999 λόγον
505 1916 601 2002 ἐχέτω
622 1917 811 2002 δεδομένον,
835 1917 933 2003 έχέτω
953 1915 990 1983 δέ
1007 1915 1058 1982 καὶ
1075 1904 1156 2000 μίίι

126 2024 253 2107 πλευρὰ
275 2025 358 2109 πρὸς
380 2028 460 2108 μίαν
483 2025 630 2110 πλευρὰν
649 2027 750 2107 λόγον
769 2023 960 2109 δεδομένον,
983 2022 1037 2089 καὶ
1053 2026 1157 2088 ἔστω

126 2137 185 2210 τῆς
211 2133 277 2192 ΒΕ
301 2131 384 2214 πρὸς
411 2132 472 2213 τὴν
501 2136 566 2195 ΖΑ
593 2133 691 2212 λόγος
719 2132 844 2206 δοθείς·
878 2129 978 2214 λέγω,
1006 2131 1054 2196 ότι
1077 2106 1158 2192 καὶ

126 2243 184 2317 τῆς
206 2239 275 2298 ΑΕ
296 2237 379 2320 πρὸς
396 2238 457 2319 τὴν
482 2241 548 2301 ΖΓ
566 2240 664 2319 λόγος
687 2235 756 2302 ἐστὶ
780 2237 902 2313 δοθείς.

72 2352 108 2400 20
193 2343 458 2425 παραβεβλήσθω
491 2343 554 2428 γὰρ
582 2343 672 2428 παρὰ
702 2345 763 2426 τὴν
795 2348 858 2407 ΕΒ
891 2353 938 2430 τῷ
971 2346 1031 2408 ΓΔ
1062 2343 1158 2406 560⁹

126 2450 469 2533 παραλληλόγραμμον
492 2450 529 2513 τὸ
553 2453 636 2532 ΕΗ,
661 2448 717 2513 καὶ
739 2451 879 2533 κείσθω,
903 2451 987 2514 ὥστε
1009 2445 1058 2513 ἐπ’
1080 2432 1155 2510 εὖ

126 2557 220 2628 θείας
244 2548 328 2618 εἶναι
352 2556 413 2639 τὴν
431 2560 501 2618 ΑΕ
521 2564 560 2640 τῇ
579 2560 657 2619 ΕΘ·
682 2552 732 2619 ἐπ’
753 2555 887 2631 εὐθείας
911 2557 976 2641 ἄρα
996 2552 1063 2619 ἐστὶ
1078 2530 1152 2616 καὶ

125 2659 145 2742 ἡ
169 2663 234 2722 ΚΒ
257 2669 297 2745 τῇ
320 2664 396 2726 ΒΗ.

193 2763 262 2828 εἀεὶ
286 2760 348 2829 οὖν
371 2768 469 2847 λόγος
492 2762 561 2829 ἐστὶ
584 2773 643 2828 τοῦ
667 2769 732 2828 ΑΒ
759 2766 842 2850 πρὸς
865 2766 902 2829 τὸ
927 2769 989 2830 ΓΔ
1013 2755 1149 2829 δοθείθν,

198 2960 222 3008 5.
242 2955 297 3009 ὑπὸ
315 2965 370 3010 τῶν
389 2974 414 3008 v.
469 2955 537 3008 Post
556 2957 648 3023 μεῖζον
667 2955 731 3009 hab.
753 2955 808 3023 ἄρα
825 2955 938 3025 punctis
954 2955 1008 3009 del.
1022 2955 1050 3008 P.
1102 2947 1122 2996 ⁹·

127 3025 287 3093 Sequuntur
304 3030 361 3080 tres
381 3026 530 3079 demonstr.
551 3024 637 3094 aliae,
662 3044 687 3079 u.
708 3043 770 3095 app.
850 3032 892 3081 10.
912 3026 973 3098 ξη’]
992 3025 1031 3091 εἴ
1048 3025 1076 3092 b,
1099 3010 1123 3067 θλ

127 3095 166 3149 sic
186 3088 347 3166 deinceps.⁸
408 3102 449 3151 11.
469 3095 817 3220 παραλληλόγραμμαὲτρί
835 3118 895 3153 ωνα
913 3116 939 3167 v,
964 3113 1032 3152 corr.
1048 3113 1081 3149 m

126 3170 155 3220 et
174 3166 213 3220 sie
232 3167 280 3222 lin.
302 3174 334 3222 15
354 3170 382 3222 et
400 3184 451 3236 per
468 3185 565 3236 propp.
585 3167 737 3220 LXIX—L
765 3167 804 3220 XI
831 3211 836 3222 .
932 3167 1004 3236 πρὸς
1020 3163 1106 3233 ἄλλοδέ

126 3231 1104 3310 ωω,ωλω.ωωωωοιῌωω

126 3306 261 3379 ἐχέτωσαν
284 3310 310 3362 b.
403 3259 484 3378 ίξςέτω
504 3308 574 3378 (alu.)
595 3340 626 3348 —
648 3315 688 3364 17.
713 3307 880 3381 δεδομένον]
905 3260 999 3366 (ηεαδ
1081 3302 1108 3355 Ῑδ

125 3384 178 3432 ΒΕ
220 3384 272 3433 ΕΒ
290 3380 317 3433 b.
399 3379 472 3432 Ante
494 3377 592 3440 δοθείς
614 3379 679 3434 hab.
700 3378 756 3435 ἐστί
774 3399 800 3449 v,
820 3380 874 3434 del.
894 3399 930 3435 m.
951 3384 1019 3452 θέλ).
1080 3374 1108 3457 ¹⁹,-

119 3453 180 3503 ΖΓ
212 3454 267 3504 ΓΖ
286 3450 311 3506 b.
397 3456 438 3506 21.
458 3449 761 3522 παραλληλόγραμμονλ
777 3451 847 3519 πρός
865 3451 930 3506 Vat.
1021 3442 1100 3505 22.ss
