2356 3818
127 149 191 214 100
512 149 717 202 ΔωΔοιιωιε.

127 295 225 375 λόγος
261 293 325 377 ἄρα
361 301 420 356 τοῦ
456 298 487 356 A
523 293 606 377 πρὸς
642 293 679 356 τὸ
714 297 746 355 Δ
783 293 907 367 δοθείς.
963 294 1020 356 καί
1046 288 1106 354 ἐστι.

129 399 244 481 ὅμοιον
267 399 304 462 τὸ
329 405 360 463 A
383 407 428 485 τῷ
453 403 500 462 Δ·
524 400 622 480 λόγος
645 399 710 482 ἄρα
732 407 790 480 τῆς
808 401 871 462 ΕΖ
894 397 979 482 πρὸς
1000 397 1056 480 τὴν
1072 397 1106 458 B}

129 506 251 581 δοθείς.
302 505 442 568 δοθεῖσα
470 500 507 568 δὲ
535 504 555 587 ἡ
579 507 659 567 ΒΓ·
692 504 832 568 δοθεῖσα
859 505 924 588 ἄρα
946 501 1002 567 καὶ
1023 502 1043 586 ἡ
1063 503 1106 565 ΕΖ

127 613 186 675 καί
206 611 275 675 ἐστι
298 612 396 692 λόγος
417 611 475 692 τῆς
494 613 559 673 ΖΕ
579 610 663 694 πρὸς
680 610 742 693 τὴν
759 613 833 673 ΕΗ
852 609 980 684 δοθείς·
1003 609 1106 672 δοθεῖσι

91 717 190 801 οώρα
212 713 268 780 καὶ
290 716 311 799 ἡ
330 720 408 780 ΕΗ.
450 717 506 780 διὰ
528 716 569 779 τὰ
592 715 675 780 αὐτὰ
698 716 740 798 δὴ
763 712 818 779 καὶ
842 712 960 797 ἑκάστη
983 725 1047 778 τῶν
1066 717 1105 776 λοι

126 833 198 888 πῶν
221 821 353 886 δέδοται
376 831 421 910 τῷ
445 820 587 905 μεγέθει.

600 1072 664 1120 νς.

196 1173 272 1239 Ἐὰν
295 1175 358 1239 δύο
382 1176 540 1257 ἰσογώνια
562 1178 887 1260 παραλληλόγραμμα
912 1176 996 1260 πρὸς
1017 1175 1106 1254 ἄλληλι

127 1283 229 1362 λόγον
252 1282 308 1365 ἔχῃ
332 1278 528 1363 δεδομένον,
557 1282 646 1344 ἔσται
666 1280 711 1356 ώς
733 1281 753 1364 ἡ
776 1288 836 1344 τοῦ
859 1281 994 1364 πρώτον
1015 1283 1106 1359 πλενρι

75 1397 108 1444 10
126 1387 209 1470 πρὸς
237 1387 298 1469 τὴν
325 1394 385 1450 τοῦ
409 1384 567 1471 δευτέρου
589 1385 751 1470 πλευράν,
784 1385 890 1461 οὕτως
916 1385 936 1469 ἡ
961 1385 1053 1468 λοιπὴ
1071 1389 1106 1445 τοι

128 1490 285 1576 δευτέρον
308 1493 434 1577 πλευρὰ
461 1493 544 1577 πρὸς
569 1491 612 1574 ἣν
635 1492 655 1575 ἡ
679 1489 773 1576 ἑτέρα
800 1500 860 1555 τοῦ
882 1493 1016 1576 πρώτου
1038 1491 1106 1570 λέγω

127 1600 191 1681 ἔχει
229 1595 423 1681 δεδομένον,
460 1597 500 1661 ὃν
535 1598 573 1662 τὸ
609 1600 954 1682 παραλληλόγραμμον
989 1597 1065 1683 πρὸς
1087 1613 1106 1655 τ·

127 1707 480 1789 παραλληλόγραμμον.

193 1810 255 1873 δύο
279 1810 342 1894 γὰρ
369 1812 526 1893 ἰσογώνια
548 1813 872 1895 παραλληλόγραμμα
891 1810 931 1873 τὰ
950 1814 1034 1893 Α,Β
1054 1804 1105 1891 πρὸ

74 1925 107 1973 15
127 1917 253 1998 ἄλληλα
276 1919 377 1997 λόγον
400 1915 497 1998 ἐχέτω
521 1915 713 1999 δεδομένον·
742 1914 841 1998 λέγω,
864 1915 915 1980 ὅτι
939 1913 1029 1980 ἐστὶν
1050 1913 1106 1987 ὡς’.

129 2025 191 2085 ΓΛ
212 2022 296 2105 πρὸς
319 2022 380 2104 τὴν
398 2025 472 2104 ΕΖ,
496 2021 601 2097 οὕτως
621 2021 641 2104 ἡ
660 2026 734 2085 ΕΗ
751 2023 834 2106 πρὸς
851 2020 895 2103 ἣν
913 2021 934 2104 ἡ
955 2025 1017 2085 ΓΘ
1038 2020 1106 2099 λόγα

128 2128 193 2209 ἔχει
217 2125 406 2210 δεδομένον,
430 2126 469 2191 ὃν
487 2129 524 2192 τὸ
544 2133 577 2191 A
598 2130 941 2212 παραλληλόγραμμον
959 2128 1040 2212 πρὸς
1056 2121 1106 2187 τὸ]

109 2271 112 2276 -
127 2234 479 2316 παραλληλόγραμμον.

195 2336 407 2421 ἐκβεβλήσθω
427 2339 489 2424 γὰρ
509 2337 559 2404 ἐπ’
580 2339 714 2415 εὐθείας
731 2349 789 2422 τῆς
808 2343 871 2403 ΓΘ
894 2338 1010 2402 εὐθεῖα
1027 2337 1047 2421 ἡ
1062 2333 1106 2399 ΓΕ

75 2452 109 2502 20
126 2441 182 2506 καὶ
204 2446 397 2527 πεποιήσθω
422 2445 466 2521 ὡς
488 2446 509 2529 ἡ
533 2449 595 2510 ΓΛ
616 2447 699 2531 πρὸς
721 2447 782 2529 τὴν
805 2448 879 2527 ΕΖ,
902 2444 1009 2529 οὕτως
1030 2439 1106 2527 ἡΕλ

126 2549 211 2633 πρὸς
232 2550 293 2633 τὴν
313 2553 386 2633 ΓΚ,
408 2548 465 2614 καὶ
483 2551 778 2636 συμπεπληρώσθω
797 2551 835 2615 τὸ
853 2554 913 2614 ΓΛ
935 2543 1106 2635 παραλληλέ

126 2677 287 2740 γραμμον.
343 2655 412 2721 ἐπεὶ
440 2652 502 2722 οὖν
529 2656 620 2721 ἐστιν
651 2657 696 2733 ώς
723 2657 743 2740 ἡ
772 2660 833 2720 ΓΛ
863 2657 947 2741 πρὸς
978 2657 1039 2740 τὴν
1061 2651 1106 2718 ΕΖ

128 2759 233 2837 οὕτως
259 2761 280 2844 ἡ
303 2766 377 2826 ΕΗ
403 2763 488 2847 πρὸς
514 2763 576 2845 τὴν
600 2764 678 2845 ΓΚ,
711 2767 765 2845 ἴση
794 2761 835 2826 δέ
855 2760 946 2825 ἐστιν
972 2760 993 2844 ἡ
1018 2763 1106 2825 mv,

127 2867 201 2949 KA,
224 2868 314 2931 ἔστιν
337 2868 401 2952 ἄρα
425 2867 469 2944 ώς
491 2868 595 2951 ἡΚΛ
616 2869 700 2954 πρὸς
721 2869 782 2951 τὴν
800 2872 874 2950 ΕΖ,
898 2867 1004 2943 οὕτως
1026 2867 1046 2951 ἡ
1065 2863 1106 2928 ΕΙ

73 2980 108 3031 25
126 2972 210 3056 πρὸς
239 2973 301 3056 τὴν
329 2975 402 3038 ΓΚ.
456 2970 512 3037 καὶ
538 2972 614 3060 περὶ
642 2980 715 3051 έσας
745 2978 868 3055 γωνίας
894 2973 953 3049 τὰς
979 2973 1043 3038 ὑπὸ
1067 2977 1106 3033 τώ

200 3202 224 3251 1.
244 3194 330 3267 ἐστιν]
351 3213 404 3250 om.
423 3197 488 3252 Vat.
565 3204 590 3252 3.
614 3200 735 3253 δοθεῖσα
754 3195 785 3252 δὲ
804 3198 821 3267 ἡ
842 3199 922 3323 ΒΓὲ
937 3215 991 3254 om.
1009 3198 1039 3252 P.
1098 3195 1106 3242 l

129 3262 242 3338 έαώσπη]
263 3263 381 3335 έαατέρα
398 3267 426 3320 b.
520 3274 543 3323 6.
567 3267 692 3340 δέδοται]
713 3286 765 3323 om.
785 3269 812 3322 b.
924 3285 967 3337 eq.
987 3263 1106 3323 demeum

128 3335 231 3407 altera,
255 3353 282 3392 u.
302 3354 366 3408 app.
447 3342 470 3391 8.
489 3339 773 3411 παραλληλόγραμμα]
797 3356 886 3409 comp.
905 3340 980 3410 Vah,
1008 3333 1106 3394 omnibt¹

127 3405 231 3463 littam
258 3425 294 3462 m.
315 3413 339 3462 2.
429 3408 513 3479 λόγον
537 3409 584 3482 έγῃ
607 3411 677 3478 πρὸς
696 3409 798 3479 ἄλληλα
821 3407 976 3480 δεδομένον
998 3410 1024 3464 b.
1095 3401 1106 3450 ί

129 3474 191 3550 1η]
216 3498 248 3551 -γ
271 3495 339 3567 porr.
360 3495 394 3535 ex
413 3499 438 3535 ει
455 3498 492 3535 m.
511 3486 527 3534 2
550 3499 575 3534 v.
668 3486 709 3534 12.
735 3479 782 3553 ἔχῃ
801 3481 866 3534 Vah.
967 3479 1012 3552 ar]
1033 3466 1106 3534 οωΙ
