2310 3802
80 130 143 194 168
482 132 686 183 ΔΕΔΟΜΕΝΔ.

79 273 99 356 ἡ
127 278 209 356 AE,
241 271 296 337 καὶ
329 274 626 357 συμπεπληρώσθω
654 275 691 337 τὸ
719 278 794 338 ΑΛ.
851 274 910 340 καὶ
944 275 1017 341 ἐπεὶ
1049 283 1101 361 ἴση
1141 256 1145 281 ⁴

81 377 216 442 ἐστὶν*
199 402 219 460 η
243 383 308 442 AB
337 390 387 464 τῆ
400 383 477 460 ΒΑ,
509 383 567 442 καί
593 378 661 443 ε’στι
690 379 877 444 δοθεῖσα“
858 404 880 462 η
908 380 979 446 ὑπὸ
1004 387 1134 447 ΑΒΔ

82 489 198 567 γωνία,
221 483 290 549 ἐπεὶ
313 483 411 566 καὶὴ
435 481 551 568 ἐφεξῆς
573 485 657 570 αὐτῇ
676 484 817 549 δοθεῖσα
835 485 943 570 ἐστιν,
969 488 1099 553 δέδοται
1141 500 1145 543 ¹-

81 593 145 676 ἄρα
177 592 214 654 τὸ
243 595 306 654 ΕΒ
338 601 383 678 τῷ
391 509 501 656 η.εἴδει
555 589 611 656 καὶ
644 588 714 655 ἐπεὶ
745 592 889 656 δοθεῖσα
920 593 994 658 ε’στι
1026 612 1100 659 συν
1143 606 1145 665 ἑ

46 700 267 781 οαμφότερος
294 696 314 778 ἡ
338 656 452 780 ΑΒΓ,
485 703 539 780 ῖση
568 693 605 761 δὲ
631 697 743 779 ἡΑΒ
771 707 810 782 τῇ
837 701 925 781 BA,
962 669 1145 765 δοθεῖσα-1

81 805 146 888 ἄρα
170 800 259 867 ἐστὶν
283 801 303 884 η
326 806 401 866 ΑΓ.
449 801 517 867 ἐπεὶ
546 799 608 868 οὖν
636 799 740 867 δοθὲν
766 804 803 866 τὸ
827 807 903 867 ΑΓ
925 808 1023 892 παρὰ
1051 809 1145 870 δο-

81 915 203 973 θεῖσαν
222 909 282 991 την
295 911 367 973 AF
384 908 631 993 παραβέβληται
653 909 803 973 ἐλλεῖπον
821 910 906 974 εἴδει
930 911 1100 1000 δεδομένῳ

83 1024 130 1101 τῷ
154 1018 234 1095 ΕΒ,
258 1012 390 1078 δέδοται
412 1016 453 1079 τὰ
475 1016 580 1097 πλάτη
604 1024 664 1079 τοῦ
688 1014 915 1098 ἐλλείμματος·
945 1018 1102 1082 δοθεῖσαι
1138 1072 1145 1087 .

83 1121 147 1202 ἄρα
181 1117 266 1183 εἰσὶν
297 1123 335 1184 αλ
359 1125 440 1204 ΑΒ,
465 1126 536 1186 ΒΔ.
592 1121 675 1185 ἀλλὰ
706 1119 761 1185 καὶ
793 1127 1058 1210 συναμφότερος
1085 1124 1104 1206 ἡ

31 1239 65 1286 10
83 1228 188 1288 ΑΒΓ
214 1225 354 1289 δοθεῖσά
382 1225 485 1290 ἐστιν·
517 1224 572 1290 καὶ
600 1229 698 1310 λοιπὴ
726 1228 790 1311 ἄρα
817 1226 837 1309 ἡ
862 1230 935 1291 ΒΓ
962 1230 1105 1294 δοθεῖσα

84 1331 189 1395 ἐστιν·
219 1332 357 1396 δοθεῖσα
380 1334 444 1416 ἄρα
468 1330 558 1397 ἐστὶν
582 1330 717 1418 ἑκατέρα
739 1344 807 1397 τῶν
830 1337 911 1417 ΑΒ,
930 1338 1009 1398 ΒΓ.

559 1525 626 1594 ις’.

148 1648 225 1714 Ἐὰν
248 1649 310 1712 δύο
330 1648 459 1712 εὐθεῖαι
479 1646 583 1713 δοθὲν
601 1652 726 1733 χωρίον
739 1648 941 1733 περιέχωσιν
959 1652 1000 1716 ἐν
1016 1656 1107 1718 δεδο-

84 1754 166 1840 μένη
195 1759 315 1841 γωνίᾳ,
347 1755 487 1836 δύνηται
516 1751 552 1818 δέ
565 1754 599 1837 ἡ
624 1753 717 1840 ἑτέρα
744 1765 801 1839 τῆς
825 1753 941 1841 ἑτέρας
965 1758 1107 1824 δοθέντι

32 1873 65 1921 15
85 1865 195 1945 μεῖζον
217 1860 238 1943 ἢ
262 1859 298 1924 έν
319 1863 416 1947 λόγῳ,
438 1858 493 1925 καὶ
517 1858 652 1944 ἑκατέρα
676 1860 787 1924 αὐτῶν
810 1863 902 1926 ἔσται
929 1865 1086 1930 δοθεῖσα.

155 1967 216 2030 δύο
246 1967 309 2050 γὰρ
334 1966 462 2029 εὐθεῖαι
486 1967 523 2029 αἱ
543 1970 624 2048 ΑΒ,
643 1969 710 2029 ΒΓ
734 1962 838 2031 δοθὲν
860 1971 993 2053 χωρίον
1016 1993 1105 2055 περι-

86 2071 250 2155 εχέτοισαν
269 2073 305 2135 τὸ
321 2075 393 2135 AF
408 2071 444 2135 ἐν
463 2070 622 2156 δεδομένη
640 2075 746 2158 γωνία
764 2081 804 2157 τῇ
821 2071 897 2136 ὑπδ
908 2085 979 2139 τῶν
995 2079 1104 2159 ΑΒΓ,

86 2177 122 2241 τὸ
151 2173 187 2240 δέ
216 2176 279 2240 ἀπὸ
306 2187 364 2261 τῆς
388 2180 449 2242 ΓΒ
477 2186 537 2241 τοῦ
565 2176 628 2241 ἀπὸ
656 2186 714 2260 τῆς
737 2181 798 2241 ΒΑ
826 2177 966 2244 δοθέντι
991 2185 1100 2265 μεῖζον

68 2270 169 2347 ’ἔστω
193 2281 213 2364 ἢ
238 2281 273 2345 ἐν
296 2286 398 2369 λόγῳ·
422 2281 518 2366 λέγω,
542 2283 591 2347 ὅτι
613 2281 669 2346 καὶ
693 2281 828 2368 ἑκατέρα
851 2293 921 2347 τῶν
940 2290 1020 2370 ΑΒ,
1040 2288 1102 2350 ΒΓ

33 2401 67 2449 20
87 2388 156 2452 ἐστι
180 2389 327 2452 δοθεῖσα.

154 2492 1145 2597 ΜΜώΜψΜΜΜψΜΜΜ]

86 2605 197 2685 μεῖζόν
221 2601 311 2666 ἐστιν
334 2599 354 2683 ἢ
379 2599 415 2665 ἐν
438 2603 540 2688 λόγῳ,
569 2600 756 2685 ἄφηρησθω
779 2601 816 2663 τὸ
840 2597 946 2666 δοθὲν
972 2604 1009 2666 τὸ
1030 2601 1084 2665 ὑπὸ

86 2719 154 2772 τῶν
179 2709 288 2773 FBA·
321 2712 439 2771 λοιποῦ
467 2708 531 2792 ἄρα
558 2715 618 2771 τοῦ
645 2706 710 2770 ὑπὸ
738 2717 806 2771 τῶν
827 2710 928 2773 AFB
956 2711 1033 2793 πρὸς
1051 2707 1081 2770 τὸ

160 2904 184 2950 2.
205 2897 272 2967 ἐστι]
293 2897 367 2952 ἐστιν
385 2917 410 2951 v.
466 2903 489 2951 3.
510 2898 644 2966 αὐτῆςΡ.
699 2905 724 2951 4.
744 2895 792 2952 καί
828 2916 882 2954 om.
897 2900 924 2954 b.
979 2897 1073 2951 έστινῖ

124 2973 147 3022 8
167 2968 324 3021 δοθεῖσα”
307 2989 362 3036 αρα
382 2968 491 3038 ἐστὶνὴ
510 2969 605 3022 ABb.
669 2974 710 3022 10.
731 2967 804 3024 ἐστίν
836 2986 889 3024 om
909 2970 936 3025 b.
997 2985 1070 3022 τιαι

88 3042 129 3090 11.
155 3036 240 3107 ἐστιν]
265 3054 317 3091 om.
335 3038 399 3093 Vass.
473 2989 537 3092 η11.
566 3039 640 3092 Ante
669 3041 788 3094 δοθεῖσα
812 3039 867 3108 ἄρα
896 3041 959 3095 add.
984 3037 1030 3092 έστι
1047 3028 1069 3084 δὲ

87 3107 136 3161 καὶ
154 3107 172 3176 η
191 3113 241 3160 ΑΒ
261 3109 381 3161 δοθεῖσα
403 3109 430 3162 b
518 3110 579 3177 Seq.
600 3109 676 3177 apud
693 3111 751 3179 Ρο)7
752 3111 867 3164 rardum
890 3127 924 3165 ea
941 3101 1068 3180 proposifi⁰

89 3195 152 3232 cum
170 3178 310 3245 lemmate
331 3195 403 3245 quae
421 3179 487 3232 inP
506 3180 611 3250 legissur
629 3180 666 3233 ad
684 3181 768 3235 finem
786 3180 866 3249 libri3
885 3199 912 3236 u.
928 3199 988 3251 app
1038 3175 1067 3292 ῙΞ

88 3250 151 3321 πς’]
171 3248 217 3314 πζ’
237 3249 401 3317 Peyrardus
476 3256 516 3304 13.
536 3251 604 3304 Post
592 3248 712 3306 ῖδοθέν
732 3251 834 3306 adds'
816 3273 851 3321 αρ
854 3272 873 3305 οι
891 3271 921 3318 v3
943 3251 993 3306 del.
1009 3245 1067 3300 πελ·

124 3326 166 3375 15.
187 3322 279 3388 μεῖζον
300 3314 418 3373 εἷναιὶ).
483 3319 573 3411 ἔσται]
589 3321 690 3376 έστιλ).
754 3328 795 3377 16.
816 3321 881 3393 γαρ]
901 3340 953 3377 om.
971 3323 995 3376 b.
1038 3308 1068 3376 sd]

90 3407 142 3444 om.
162 3392 192 3444 P.
275 3396 316 3444 17.
337 3390 379 3461 ἐν]
401 3389 456 3445 ἔστι
474 3389 505 3445 δὲ
524 3390 618 3446 nucib.
691 3395 758 3465 τῶν]
777 3392 874 3461 τήνὶ).
956 3397 993 3446 19.
1010 3377 1067 3446 ἔστω]

38 3505 40 3510 .
90 3460 163 3516 ἐστιν
183 3463 292 3532 (comp.)
306 3460 333 3515 b.
390 3467 431 3516 21.
453 3463 510 3534 BA]
529 3468 578 3516 AB
596 3464 624 3517 b.
679 3448 1067 3534 23.wv(utrumque)]14vb·
1142 3494 1145 3503 ·
