2356 3818
523 127 628 177 DATA.
1061 124 1083 189 5

41 348 48 361 .
71 268 296 354 magnitudine
315 272 349 333 et
363 269 457 334 bases
477 273 719 355 segmentorum
732 268 894 353 positione
914 273 947 333 et
960 269 1084 356 magni-

67 374 191 439 tudine.
276 394 280 402 ·

45 543 46 546 ,
139 481 169 545 9.
202 479 395 568 Magnitudo
418 481 642 566 magnitudine
665 481 787 546 maior
813 486 864 546 est
887 482 989 564 data,
1015 481 1084 566 ubi,

73 588 188 652 ablata
211 588 296 673 data,
320 608 401 672 quae
423 588 628 673 relinquitur,
650 587 754 652 eidem
777 587 922 671 aequalis
946 591 1004 651 est.

141 695 192 760 10.
219 678 411 780 Magnitudo
430 693 655 780 magnitudine
674 694 797 758 minor
820 697 871 758 est
893 693 995 777 data,
1017 692 1084 777 ubi,
1109 711 1114 749 ἱ

69 800 182 865 addita
203 801 290 886 data,
312 805 419 865 totum
443 800 547 866 eidem
571 800 704 884 aequale
727 805 785 865 est.

141 907 191 971 11.
214 905 408 992 Magnitudo
422 907 646 993 magnitudine
665 906 786 971 maior
804 910 855 971 est
869 906 959 977 data
973 926 1084 990 quam

71 1011 116 1075 in
141 1013 323 1098 ratione,
354 1013 426 1098 ubi,
453 1013 564 1078 ablata
591 1013 681 1098 data,
713 1035 794 1098 quae
821 1012 1016 1096 relinquitur
1043 1011 1085 1105 ad

71 1117 205 1183 eandem
227 1118 337 1183 datam
360 1118 460 1184 habet
481 1117 683 1206 rationem.¹)

142 1225 191 1288 12.
216 1224 409 1311 Magnitudo
424 1225 647 1310 magnitudine
661 1225 785 1290 minor
799 1230 849 1290 est
865 1226 955 1289 data
974 1245 1084 1307 quam

71 1330 112 1394 in
135 1331 303 1417 ratione,
332 1331 403 1417 ubi,
430 1332 541 1396 addita
563 1332 652 1417 data,
679 1337 786 1397 totum
810 1332 850 1396 ad
873 1332 1006 1395 eandem
1030 1331 1085 1394 da·
1125 1366 1127 1371 ·

70 1440 141 1500 tam
164 1435 265 1501 habet
287 1436 455 1501 rationem.
1118 1506 1125 1517 ,

141 1542 207 1627 [13.
239 1542 414 1608 Deducta
440 1547 492 1608 est
518 1548 621 1628 reeta,
649 1564 730 1628 quae
758 1544 879 1607 adato‘
899 1548 1020 1626 puncto
1044 1543 1086 1607 ad

71 1655 195 1712 rectam
217 1647 380 1732 positione
404 1648 515 1712 datam
537 1649 667 1713 ducitur
689 1649 724 1713 in
747 1649 822 1713 dato
846 1649 976 1734 angulo.

143 1754 193 1818 14.
221 1753 362 1819 Ereata
380 1759 430 1819 est
448 1758 547 1838 reeta,
570 1774 651 1839 quae
669 1777 690 1819 a
708 1754 784 1819 dato
803 1760 925 1840 puneto
943 1755 977 1819 in
995 1759 1086 1819 reeta

71 1859 239 1944 positione
262 1860 339 1926 data
362 1861 490 1925 dueitur
511 1861 547 1925 in
570 1862 646 1925 dato
671 1861 798 1947 angulo.

143 1967 194 2032 15.
230 1965 288 2031 Ad
319 1967 515 2052 positione
547 1968 675 2033 datam
707 1973 757 2032 est
783 1972 886 2054 reeta,
918 1986 999 2052 quae
1026 1989 1085 2052 per

72 2075 188 2139 datum
216 2077 373 2156 punotum
400 2078 507 2139 reatae
534 2074 696 2163 positione
723 2074 818 2140 datae
844 2074 1000 2159 parallelo
1029 2073 1085 2137 du-

71 2175 213 2264 aitur.]²)

564 2340 588 2404 I.

140 2461 302 2528 Daturum
324 2464 588 2551 magnitudinum
610 2438 694 2529 ratio
716 2464 802 2530 inter
825 2485 859 2528 se
882 2465 958 2528 data
980 2469 1040 2528 est.
1128 2446 1132 2453 ⁴

140 2569 236 2633 datae
270 2569 337 2635 'sint
368 2571 608 2658 magnitudines
641 2576 673 2634 A
677 2623 686 2656 ,
713 2575 750 2635 B.
803 2570 890 2655 dieo,
924 2569 1085 2633 rationem

68 2675 177 2760 ipsius
201 2682 233 2739 A
256 2676 296 2741 ad
319 2680 348 2740 B
372 2699 442 2742 esse
465 2677 582 2742 datam.

148 2942 174 3008 1)
193 2955 221 2994 u.
239 2938 360 2993 Hultseh
379 2937 408 2991 in
426 2938 517 3009 Pappi
536 2938 602 2994 edit.
622 2939 678 2993 uol.
697 2939 709 2992 I
727 2940 814 3008 praef.
833 2959 859 3009 p.
879 2938 976 2993 XXIV.
1127 2947 1133 2984 ἐ

146 3013 173 3078 2)
192 3008 262 3064 Deff.
279 3015 382 3062 13-15
402 3009 438 3063 ab
453 3009 570 3063 Euclide
587 3027 645 3064 non
658 3013 876 3079 usurpantur‘et
895 3028 912 3064 a
931 3008 1086 3064 scholiasta

71 3078 227 3150 Apollonio
246 3079 416 3135 tribuuntur.
454 3080 501 3135 afr.
523 3081 608 3136 schol.
628 3099 668 3136 nr.
689 3087 730 3136 13.

921 3225 1082 3236 ...ιμ’-.-

70 3331 195 3384 εὐθεῑαν
217 3329 314 3383 Vatv.
405 3327 567 3399 ἀναγομένη
587 3331 617 3401 β,
639 3330 707 3384 item
730 3329 779 3384 lin.
799 3335 842 3385 20.
933 3334 975 3383 21.
998 3328 1028 3381 τὸ
1053 3327 1084 3381 α’

71 3408 166 3470 σχῆμα
184 3398 215 3452 in
232 3401 326 3469 tem,
350 3399 381 3453 α’
400 3399 431 3452 in
448 3416 504 3469 mg.
524 3401 669 3470 (112.
690 3400 797 3471 Malui]
817 3416 870 3454 om.
890 3400 915 3469 β
988 3404 1030 3452 24.
1049 3397 1085 3451 τὰ

70 3467 213 3539 δεδομένα
233 3487 257 3525 a.
331 3468 445 3540 μεγέθει
464 3487 489 3526 ε..
562 3476 604 3526 25.
625 3466 698 3527 lotia
715 3471 745 3526 P.
