2356 3818
509 135 673 195 εοΗοττΑ.
699 179 700 182 ο
1030 139 1094 204 287

147 283 223 351 106.
255 281 323 348 Καὶ
343 291 401 366 της
421 286 482 348 ΓΔ
505 285 569 369 ἄρα
590 307 621 367 p.
641 284 698 366 98,
719 284 751 367 1]
781 287 924 368 σχόλιον.
962 283 1097 368 ἐδείχθη

80 391 158 477 γάρ,
187 390 253 473 ὅτι,
281 388 339 455 ἐὰν
365 401 453 476 τρεῖς
479 389 610 454 εὐθεῖαι
638 388 804 472 ἀνάλογον
832 385 929 473 ὦσιν,
957 389 977 472 η
1002 387 1038 455 δὲ
1062 388 1096 454 α’

80 499 163 583 πρὸς
190 498 252 581 την
279 498 394 583 τρίτην
421 499 523 578 λόγον
546 499 602 580 ἔχη
626 495 820 580 δεδομένον,
852 494 907 561 καὶ
929 498 1012 583 πρὸς
1034 499 1096 581 τὴν

81 601 241 689 δευτέραν
259 605 360 685 λόγον
373 601 437 680 ἕξει
452 601 643 686 δεδομένον,
663 601 699 667 ἐν
712 611 758 690 τῷ
777 601 841 668 κδ’.
874 601 963 686 ἣναλ
978 601 1096 678 οὕτως·

81 708 150 775 ἐπεὶ
178 709 196 774 ὁ
224 713 438 794 συγκείμενος
465 712 563 791 λόγος
590 708 737 792 δέδοται,
769 707 824 773 καί
852 706 1003 795 ἑκάτερος
1028 719 1097 774 τῶν
1133 725 1151 773 ο

79 813 244 881 τιθέντων
267 816 370 881 αὐτὸν
393 818 503 898 λόγων
526 813 672 880 δέδοται·
697 813 848 901 ἑκάτερος
867 816 930 901 γὰρ
950 815 968 880 δ
987 815 1095 891 αὐτός.

149 941 223 1005 107.
256 942 326 1004 Καί
347 938 436 1003 ἐστιν
459 939 575 1024 ὅμοιον
598 940 635 1004 τὸ
659 944 692 1003 A
714 949 759 1027 τῷ
783 943 812 1002 Β
835 962 865 1022 p.
885 940 937 1024 98,
961 938 995 1022 2]
1021 937 1096 1003 ἀντὶ

79 1054 153 1110 τοῦ·
186 1049 245 1110 καί
270 1047 334 1110 είσι
363 1043 524 1129 δεδομένα
551 1055 597 1134 τῷ
626 1046 706 1110 εἴδει
734 1046 774 1109 τὰ
801 1050 847 1128 A,
870 1049 913 1108 B·
950 1041 1005 1108 καί
1033 1045 1095 1129 γὰρ

79 1151 178 1236 ὅμοια
201 1154 348 1236 σχήματα
371 1151 593 1237 εὐθύγραμμά
617 1151 721 1235 ἐστιν,
752 1150 813 1216 ὅσα
836 1150 894 1227 τάς
916 1174 950 1215 τε
973 1154 1097 1233 γωνίας

79 1263 154 1333 ίσας
182 1256 339 1340 ἀλλήλαις
367 1259 431 1340 ἔχει
458 1258 541 1321 κατὰ
568 1259 648 1340 μίαν
676 1254 730 1321 καί
757 1256 817 1332 τδς
843 1254 918 1341 περὶ
941 1257 999 1333 τὰς
1023 1263 1096 1333 ίσας
1115 1273 1149 1321 10

78 1366 204 1446 γωνίας
221 1363 366 1448 πλευρὰς
384 1362 564 1446 ολνοίλογον·
588 1363 676 1426 ὥστε·
689 1361 850 1446 δεδομένα
869 1361 933 1427 είσλ
951 1372 997 1451 τῷ
1014 1364 1095 1428 είδει

79 1470 119 1533 τὰ
148 1470 258 1553 ὅμοιοι·
290 1470 331 1533 τὰ
359 1465 421 1535 οὖν
449 1470 546 1553 ὅμοια
574 1466 629 1533 καὶ
657 1476 702 1555 τῷ
726 1469 807 1533 είδει
835 1468 899 1533 είσὶ
923 1468 1095 1553 δεδομένα,

78 1576 119 1640 τὰ
144 1572 181 1640 δὲ
203 1585 249 1664 τῷ
272 1576 354 1640 εἰδει
378 1573 538 1659 δεδομένα
562 1575 603 1639 οὐ
625 1574 757 1651 πάντας
781 1575 886 1658 ὅμοια.

443 1750 496 1816 Ad
518 1774 611 1835 prop.
633 1749 733 1816 LVII.

149 1875 221 1940 108.
248 1873 347 1940 Ὥστε
370 1874 425 1941 καὶ
448 1884 506 1960 τῆς
528 1880 595 1940 ΕΑ
617 1898 647 1959 p.
669 1876 743 1961 102,
766 1874 823 1958 23]
852 1872 921 1939 ἐπεὶ
944 1875 1007 1961 γὰρ
1032 1876 1094 1940 δύο
1114 1889 1147 1938 15

77 1982 153 2063 εἴδη
172 1981 213 2045 τὰ
230 1985 305 2066 ΕΒ,
319 1987 382 2046 ΒΔ
405 1980 567 2066 δεδομένα
584 1989 630 2069 τῷ
649 1982 731 2045 εἴδει
749 1982 832 2067 πρὸς
850 1982 975 2065 ἄλληλα
994 1984 1095 2064 λόγον

76 2089 145 2172 ἔχει
173 2086 366 2171 δεδομένον,
398 2085 454 2152 καὶ
485 2089 522 2153 αί
541 2084 681 2174 πλευραὶ
709 2087 820 2152 αὐτῶν
846 2088 930 2173 πρὸς
953 2087 1096 2171 ἀλλήλας

76 2195 182 2279 λόγον
204 2191 314 2270 ἕξουσι
338 2192 527 2277 δεδομένον.

148 2318 221 2383 109.
250 2321 320 2381 Καί
335 2316 404 2382 ε’στι
422 2319 460 2382 τὸ
478 2317 601 2393 πλάτος
619 2325 679 2381 τοῦ
699 2319 953 2404 παραβλήματος
974 2339 1004 2400 p.
1022 2319 1096 2402 104,

76 2422 182 2506 8-9]
205 2424 243 2487 τὸ
262 2418 323 2505 μὲν
345 2422 481 2505 ἀληθῶς
503 2422 626 2498 πλάτος
648 2430 707 2486 τοῦ
727 2424 866 2486 ΑΓΗΒ
888 2427 1095 2507 παραλληλο-
1114 2437 1149 2486 20

74 2528 234 2614 γράμμου
249 2526 339 2593 ἐστίν
353 2527 373 2611 ἡ
388 2535 420 2592 A
428 2533 456 2593 Θ
471 2530 555 2613 πρὸς
568 2528 674 2614 ὀρθὰς
689 2523 772 2595 οὖσα
786 2535 826 2611 τῇ
840 2531 873 2589 Α
877 2531 918 2589 B·
939 2526 1042 2591 αὐτοῦ
1058 2524 1095 2592 δὲ

73 2635 199 2699 τούτου
223 2643 283 2698 τοῦ
301 2640 334 2698 Α
340 2637 441 2699 ΓΗΒ
464 2635 719 2720 παραβλήματος
742 2632 786 2708 ὡς
809 2629 862 2696 ἐπὶ
880 2633 1009 2697 τούτων
1027 2645 1094 2698 τῶν

154 2813 293 2861 106.107.
317 2807 407 2862 ΡΙτσ.
499 2805 882 2873 108.P1Vat.vM0n.0020.
974 2811 1034 2859 109.
1054 2807 1092 2860 Pl

71 2878 300 2946 Vat.vM0n.⁶9.
339 2878 413 2948 (hab.
433 2879 479 2947 fig.
499 2876 641 2946 Theonis).

74 2980 293 2990 ‚-..—-

146 3043 174 3091 ·3.
191 3036 251 3109 ἔχη]
267 3036 323 3108 ἔχει
337 3036 417 3091 codd.
473 3041 497 3090 6.
511 3033 740 3160 τοθέντωνγέοτλ.
756 3032 954 3090 σνντνθέντων.
1006 3036 1093 3091 αὐτὸν

70 3109 180 3232 λόγων)
200 3125 253 3162 om.
270 3125 285 3161 σ
303 3107 356 3160 lac.
371 3106 478 3161 relicta.
535 3107 561 3177 ὁ]
577 3124 630 3161 om.
672 3124 698 3160 v.
753 3105 849 3178 αὐτός]
866 3105 951 3169 αὐτός
965 3105 1039 3161 ἐστιν
1053 3107 1092 3161 la.

111 3185 138 3233 9.
178 3196 220 3232 οτι
239 3178 426 3247 εὐθύγραμμοι
450 3195 472 3232 τ.
568 3183 610 3231 10.
635 3177 765 3240 ἀλλ’λαις
800 3197 856 3239 -οις
877 3176 946 3230 Plv.
1038 3176 1094 3248 ἔχει

69 3248 162 3322 κατά]
187 3249 314 3320 σχήματα
333 3249 386 3302 Pv.
478 3253 520 3302 15.
543 3249 618 3302 Ante
637 3198 703 3302 ἐπεέ
717 3247 754 3300 ad
776 3289 781 3301 .
802 3248 919 3318 σγόλιον.
943 3247 973 3302 Ρ.
1051 3253 1092 3302 16.

72 3325 205 3388 ΕΜΔ
236 3323 361 3389 ΕΑ,ΑΔ
380 3318 460 3372 codd.
526 3324 567 3372 17.
587 3317 689 3388 ἄλληλα
713 3319 831 3373 Vama.
905 3322 947 3371 20.
967 3320 1093 3390 ΑΓΗΒ]

71 3395 162 3449 ΑΗΒ
216 3406 260 3444 on.
352 3396 393 3444 21.
423 3387 531 3460 ὀρθάς]
555 3389 647 3458 ὀρθήν
670 3390 746 3442 Mon.
837 3394 879 3442 22.
908 3388 1015 3443 τούτων
1038 3398 1093 3444 τῶν

71 3477 231 3552 τεσσάρων]
257 3495 365 3549 eompp.
385 3478 420 3547 P,
448 3485 497 3547 τῆς
519 3486 574 3533 τῶν
594 3465 612 3532 δ
629 3478 755 3545 Μομσρ.
