2356 3818
487 153 651 206 SGHOLIA.
1010 153 1076 218 263

424 311 478 376 Ad
501 313 573 376 deff.
597 314 715 377 9-10.

128 435 178 499 10.
216 435 305 501 Τάξ
333 445 401 499 τῶν
429 419 453 498 δ
480 433 617 499 δοθέντι
645 438 755 519 μεῖζόν
774 426 886 501 ’ἐστιν’
919 450 989 514 τοῖς
1011 441 1074 525 γὰρ

56 540 136 603 δύο·
159 537 214 604 καὶ
238 541 278 602 τδι
302 524 328 604 δ
346 552 414 606 τῶν
438 542 457 610 ξ
480 538 617 605 δοθέντι
637 543 773 606 ἔλαττόν
791 541 895 606 ε’στιν·
919 555 989 619 τοῖς
1011 546 1074 629 γάρ

55 645 121 709 δύο
144 644 246 710 πάλιν
271 645 469 730 δεδομένοις.

460 787 512 852 Ad
535 788 596 852 def.
623 789 673 852 11.
1111 799 1128 846 5

129 893 177 956 11.
216 893 264 956 Τὸ
289 890 309 975 1]
334 893 370 957 έν
393 897 479 980 λόγῳ
505 893 579 958 ἀντὶ
602 903 662 958 τοῦ
681 892 759 981 παρ’
781 893 798 959 δ
823 895 859 959 έν
878 898 975 983 λόγῳ.
1011 898 1075 979 ἔχει

55 995 97 1061 δὲ
119 1000 181 1082 τὴν
204 997 380 1084 ἀναφορὰν
403 1001 486 1084 πρὸς
508 1001 545 1064 τὸ
568 1002 692 1083 μεῖζον·
716 1001 805 1086 παρὰ
828 1010 990 1066 τοσοῦτον
1011 1003 1074 1087 γὰρ

56 1103 120 1167 οὐκ
144 1106 256 1186 έχουσι
280 1107 381 1186 λόγον
404 1104 550 1170 δοθέντα
567 1106 614 1195 τὰ
638 1106 700 1170 δύο
723 1104 864 1190 μεγέθη,
893 1105 972 1190 παρ’
994 1107 1075 1172 ὅσον

55 1207 208 1295 ὑπερέχει
237 1211 273 1275 τὸ
302 1210 339 1274 ἓν
366 1220 426 1274 τοῦ
455 1209 567 1296 ἑτέρου
596 1209 734 1275 δοθέντι
762 1209 829 1276 τινὶ
851 1211 999 1298 μεγέθει,
1034 1210 1074 1279 οὑ

56 1313 302 1400 ἀφαιρεθέντος
332 1316 517 1403 εὑρίσκεται
549 1313 604 1380 καὶ
631 1315 649 1380 ὁ
677 1317 854 1402 δεδομένος
882 1322 980 1401 λόγος
1006 1332 1074 1386 τῶν
1093 1329 1127 1377 10

57 1419 122 1483 δύο
145 1427 307 1503 μεγεθῶν.
353 1424 385 1486 εί
406 1418 467 1506 μὲν
490 1423 552 1507 γὰρ
577 1424 680 1486 λείπει
706 1423 743 1486 τὸ
771 1421 792 1505 ἢ
820 1423 857 1488 ε’ν
879 1428 982 1513 λόγφ,
1011 1426 1075 1510 ἀφ-

56 1523 252 1611 αιρεθέντος
274 1535 334 1591 τοῦ
355 1526 576 1613 ὑπερέχοντος
604 1525 667 1591 ἀπὸ
691 1537 752 1591 τοῦ
774 1531 923 1612 μείζονος
945 1532 982 1594 τὸ
1006 1537 1074 1595 λοι-

56 1632 123 1695 πὸν
148 1633 232 1717 πρὸς
255 1633 293 1697 τὸ
317 1632 430 1720 ἕτερον
458 1639 533 1699 ίοον
561 1632 660 1698 ἐστίν.
706 1635 738 1698 εί
763 1630 800 1697 δὲ
823 1637 1014 1720 πρόσκειται
1036 1637 1074 1700 τὸ

56 1736 79 1819 ί]
108 1738 144 1802 ἐν
167 1741 270 1826 λόγῳ,
301 1737 543 1826 ἀφαιρεθέντος
569 1747 630 1803 τοῦ
653 1737 871 1823 ὑπερέχοντος
898 1738 1009 1804 οὐκέτι
1036 1742 1074 1806 τὸ

58 1845 177 1908 λοιπὸν
208 1845 292 1929 πρὸς
323 1846 360 1908 τὸ
394 1844 507 1931 ἕτερον
535 1851 625 1928 ίσον,
658 1842 730 1909 ἀλλ’
761 1847 826 1927 ἔχει
858 1845 934 1909 τινδι
963 1848 1074 1928 λόγον.
1094 1857 1127 1905 15

54 1952 168 2032 μεῖζον
201 1946 263 2015 οὖν
296 1949 364 2013 ἐστι
396 1952 433 2014 τὸ
465 1951 502 2013 ἓν
533 1947 674 2033 μέγεθος
705 1958 765 2014 τοῦ
794 1947 908 2035 ἑτέρον
939 1949 960 2034 ἣ
992 1952 1076 2016 ὥστε

55 2064 194 2137 ποιῆσαι
222 2059 332 2136 λόγον.
379 2054 438 2118 έάν
465 2050 527 2121 οὑν
554 2055 574 2138 ἡ
598 2055 743 2142 ὑπεροχὴ
767 2054 927 2140 δεδομένη
950 2051 987 2143 ᾖ,
1019 2055 1075 2122 καὶ

54 2160 75 2225 δ
100 2163 199 2241 λόγος
222 2157 399 2243 δεδομένος
423 2159 522 2225 ε’στίν.

457 2301 510 2366 Ad
533 2302 594 2367 def.
620 2305 670 2368 12.

127 2408 177 2471 12.
209 2405 308 2472 Ἀπὸν
326 2408 390 2493 γὰρ
408 2409 445 2473 τὸ
465 2406 650 2492 προστεθὲν
669 2409 861 2494 ἐλυμαίνετο
879 2413 941 2496 τὴν
960 2411 1074 2495 σχέσιν
1092 2421 1129 2470 20

55 2522 117 2577 τοῦ
141 2512 323 2598 δεδομένον
345 2516 456 2596 λόγον.

130 2656 171 2704 10.
195 2650 445 2707 PlVat.vC¹Mon.
474 2670 501 2719 σς
530 2651 613 2706 initio
634 2652 712 2707 add:
736 2652 776 2713 εἰς
797 2652 828 2705 τὸ
852 2650 920 2706 αὑτό
948 2651 994 2718 0¹3
1021 2671 1073 2722 pro

54 2729 116 2803 τοῖς
134 2719 187 2789 γάρ
206 2721 254 2777 lin.
270 2728 286 2775 3
306 2753 340 2763 -
360 2674 523 2791 δεδομένοις
541 2721 589 2775 lin.
605 2729 623 2775 4
641 2721 712 2775 haee
730 2721 818 2775 habess
836 2720 884 2776 0¹:
904 2722 1003 2784 δοθεὶς
1019 2721 1073 2792 γὰρ

56 2809 118 2878 δβ.
162 2809 176 2863 ὁ
201 2806 252 2864 οὑν
276 2815 294 2866 ξ
318 2810 332 2864 δ
348 2811 407 2892 τὴν
430 2808 581 2879 ἀφαίρεσιν
607 2807 761 2877 ὑπομείνας
783 2818 838 2863 τῶν
862 2809 914 2863 δὺο
937 2811 1012 2883 αὑτῷ
1035 2815 1073 2883 τῷ

54 2893 246 2964 ἀφαιρεθέντι
269 2907 324 2952 τῶν
348 2901 366 2952 δ
391 2896 489 2967 μείζων
513 2895 595 2953 ἐστίν.
688 2903 731 2953 11.
757 2896 853 2964 ΟΨλς
881 2894 964 2952 initio
988 2896 1072 2952 huius

56 2966 161 3019 scholii
179 2967 249 3021 haec
268 2968 356 3022 habet
375 2968 421 3024 0²:
444 2967 545 3036 ίζάτει
563 2968 594 3023 τὸ
613 2978 728 3037 σημεῖον
746 2976 828 3022 τοῦτο
848 2967 887 3031 είς
905 2969 971 3032 τοὺς
990 2967 1073 3038 ὅρους

53 3046 113 3091 τῶν
127 3035 295 3106 δεδομένων.
325 3039 435 3110 οχόλιον
450 3039 490 3101 είς
503 3039 552 3094 τὸν
567 3037 634 3107 ὅρον
648 3048 704 3094 τῶν
719 3036 910 3109 δεδομένωνη
929 3042 993 3110 (ras.
1006 3040 1071 3111 del.)

57 3110 216 3195 θ(ένθαῖ)
239 3127 271 3180 τὸ
294 3123 385 3196 ᾇηθὲν
405 3136 526 3195 σημεῖον.
563 3128 586 3184 ,λ
608 3127 719 3198 signum
741 3128 772 3182 in
794 3131 874 3184 textu
893 3127 928 3183 (δ’
949 3129 1014 3185 hab.
1034 3128 1073 3184 ad

55 3195 113 3249 def.
132 3197 177 3250 θ’.
252 3202 293 3252 12.
312 3196 634 3268 Plvat.vc¹M0n.o(›z.

130 3344 154 3392 4.
179 3335 353 3410 δεδομένοις]
377 3359 426 3393 -va
449 3338 524 3392 Mon.
620 3345 644 3393 9.
667 3337 806 3412 ὑπερέχει]
830 3337 997 3410 ὑπερβάλλει
1018 3338 1071 3394 1¹2.

94 3413 135 3462 12.
155 3407 340 3480 ὑπερέχοντος
358 3408 415 3463 ἀπὸ
434 3410 495 3480 τοὺ]
515 3406 652 3473 δοθέντος
671 3409 721 3466 1’λ.
813 3415 854 3465 14.
874 3406 1072 3482 ὑπερέχοντος]

52 3487 106 3534 τοῦ
126 3478 263 3543 δοθέντος
281 3477 407 3549 μείζονος
426 3478 476 3534 Ρλ.
552 3485 593 3536 16.
614 3483 707 3551 μεῖζον
726 3513 762 3523 -
780 3484 821 3536 18.
842 3477 933 3552 ἐστίν]
948 3497 1005 3536 om„
1018 3478 1080 3535 1¹2„
1102 3548 1116 3583 h
