2356 3818
406 152 445 209 ru
463 157 632 209 auomms
650 159 754 209 nuru.
1024 154 1090 218 253

73 300 274 384 declaratur,
305 294 497 384 imperfecta
524 304 587 385 est,
619 323 695 365 nam
722 301 801 365 haec
828 321 895 364 non
922 300 992 365 sola
1015 301 1092 364 data

70 410 161 469 sunt.
213 410 309 490 atque
342 429 394 491 ea,
426 429 490 491 qua
523 406 764 470 ordinatum
797 410 829 469 et
861 406 1092 491 rationale,

69 512 200 595 pariter
232 512 361 577 datum
392 535 459 577 non
490 513 584 597 plene
617 511 852 595 complectitur.
903 533 941 576 ea
973 517 1091 595 autem,

69 639 141 702 qua
178 622 312 682 notum
343 620 492 702 idemque
526 619 747 683 ordinatum
784 617 980 702 declaratur,
1016 618 1091 700 quia

68 724 285 809 ‘propositum
314 725 454 810 excedit,
481 725 602 790 uitiosa
630 724 704 810 erit,
735 746 839 808 neque
868 724 954 788 enim
983 723 1092 787 omnia

77 831 148 894 eius
173 830 299 915 generis
324 831 400 896 data
428 835 512 895 sunt.
565 831 590 894 ii
616 831 721 916 igitur
746 832 811 895 iam
836 830 897 895 soli
924 829 1091 894 notionem

79 936 171 1000 dati
200 937 329 1020 assequi
356 937 520 1023 uidentur,
553 936 608 1020 qui
635 942 777 1001 notum
804 937 953 1020 idemque
984 958 1094 1020 para-

65 1042 157 1106 ‘bile
185 1042 219 1106 id
246 1063 316 1106 esse
341 1043 600 1129 affirmauerunt3
628 1042 738 1107 omnia
761 1043 847 1106 enim
870 1043 939 1107 eius
963 1040 1091 1128 generis

68 1149 385 1233 comprehensibilia
404 1153 480 1214 sunt
496 1153 593 1232 atque
607 1149 685 1213 sola.
701 1149 831 1213 'horum
846 1153 954 1214 autem
970 1153 1093 1213 utrum·

82 1276 144 1337 que
167 1253 202 1317 in
225 1254 477 1339 definitionibus,
501 1276 581 1337 quae
599 1255 704 1338 perite
728 1256 962 1340 exprimuntur,
985 1255 1092 1321 inesse
1100 1283 1110 1319 .-

80 1360 185 1423 debet.
215 1383 316 1444 prope
337 1362 378 1425 ab
397 1360 462 1425 illis
482 1361 610 1444 absunt,
628 1360 728 1424 etiam
747 1361 802 1443 qui
822 1361 1092 1446 siccomponunt:

80 1465 212 1529 datum
239 1472 301 1551 est,
338 1467 426 1550 quod
452 1488 510 1550 per
538 1488 589 1549 ea,
622 1486 703 1548 quae
731 1466 766 1529 in
792 1467 906 1550 primis
933 1468 1093 1551 hypothe-

79 1571 170 1634 sibus
190 1577 222 1637 et
241 1572 409 1657 principiis
429 1571 560 1636 anobis
578 1571 688 1655 posita
707 1576 793 1655 sunt,
815 1594 988 1655 possumus
1009 1593 1094 1636 com·

78 1700 201 1760 parare.
248 1701 287 1741 ex
309 1678 360 1762 iis,
383 1678 421 1741 de
446 1675 564 1761 quibus
588 1677 684 1739 modo
708 1675 832 1738 dictum
854 1680 918 1760 est,
940 1675 1093 1740 Euclides

80 1805 208 1866 quoque
241 1788 303 1867 est,
342 1806 416 1849 cum
451 1782 572 1865 ubique
604 1782 704 1845 uerbo
737 1783 941 1864 πορίσασθαι
973 1783 1095 1866 utatur,

80 1889 208 1953 etiamsi
240 1888 482 1972 praetermittat
513 1890 648 1950 notum
684 1890 853 1970 tamquam
885 1885 1094 1951 coniunctum

80 2019 154 2060 cum
177 1995 357 2078 parabili.
394 1992 511 2057 merito
532 1996 641 2056 autem
660 1992 777 2075 aliquis
796 2015 871 2056 eum
889 1991 1096 2079 inousauerit,

80 2103 166 2184 quod
185 2122 251 2163 non
270 2099 360 2183 prius
380 2098 511 2162 datum
528 2098 678 2162 uniuerse
698 2098 868 2183 definierit,
890 2099 947 2163 sed
966 2098 1094 2185 singula

80 2207 151 2268 eius
180 2226 298 2289 genera
329 2203 519 2291 separatim,
552 2226 749 2289 quamquam
780 2207 927 2291 adparet,
959 2227 1033 2270 eum
1059 2205 1094 2270 in

81 2310 250 2375 elementis
278 2311 485 2396 geometricis
508 2315 583 2376 ante
607 2333 725 2398 genera
747 2311 852 2378 lineae
874 2312 994 2377 lineam
1017 2312 1094 2376 sim-

80 2417 200 2502 plicem
223 2417 408 2481 definiuisse
432 2422 464 2481 et
488 2416 614 2502 reliqua
636 2417 736 2483 simili
758 2419 892 2483 ratione.

148 2525 237 2587 dato
256 2522 359 2608 igitur
378 2523 483 2610 magis
501 2524 651 2591 uniuerse
672 2525 762 2588 etad
779 2527 984 2607 praesentem
998 2544 1094 2587 usum

83 2630 224 2714 cognito,
247 2629 399 2712 deinceps
423 2629 600 2693 utilitatem
625 2626 853 2712 disputationis
878 2627 916 2690 de
940 2647 978 2690 eo
1002 2626 1096 2691 insti-

81 2740 171 2799 tutae
195 2757 403 2818 exponamus.
441 2739 491 2798 est
514 2733 616 2818 igitur
638 2732 700 2796 hoc
725 2752 853 2815 quoque
877 2753 915 2794 ex
938 2730 988 2815 iis,
1012 2752 1093 2814 quae

83 2842 123 2903 ad
147 2841 235 2904 aliud
258 2842 420 2924 quoddam
443 2839 611 2903 referenda
634 2840 718 2900 sunt.
756 2836 797 2900 ad
819 2835 928 2900 locum
951 2835 1037 2900 enim
1056 2837 1095 2901 de

82 2947 295 3032 resolutione,
324 2947 380 3030 qui
403 2949 552 3028 uocatur,
580 2942 719 3007 maxime
747 2941 929 3006 necessaria
951 2947 1002 3008 est
1025 2943 1094 3009 eius

82 3053 235 3138 cognitio.
287 3053 379 3117 locus
407 3056 516 3116 autem
548 3051 586 3114 de
615 3048 813 3113 resolutione
844 3055 999 3132 quantam
1025 3050 1109 3114 uim.

80 3158 201 3224 habeat
227 3159 262 3222 in
289 3156 528 3222 mathematicis
557 3160 653 3240 atque
680 3154 717 3219 in
740 3155 857 3239 opticis
886 3159 918 3219 et
940 3155 976 3219 in
999 3177 1095 3220 cano-

80 3264 173 3348 nicis,
192 3287 273 3348 quae
295 3263 489 3349 cognatione
509 3263 647 3346 quadam
667 3283 740 3326 oum
758 3261 799 3326 iis
819 3262 992 3327 coniuncta
1010 3265 1096 3346 sunt,

84 3370 147 3434 alio
173 3369 245 3434 loco
270 3369 440 3433 definitum
464 3372 527 3451 est,
555 3371 652 3450 atque
681 3367 914 3432 resolutionem
935 3365 1096 3431 inuentio-

82 3499 158 3540 nem
177 3497 247 3539 esse
267 3473 565 3560 demonstrationis,
583 3477 616 3538 et
635 3474 798 3559 quomodo
816 3473 864 3538 ad
873 3470 1086 3535 inuentam
