2356 3818
414 191 421 204 .
465 144 570 201 narr.
962 145 1024 209 151

429 304 610 371 LXXVIII.

82 407 115 473 si
143 409 220 474 data
247 409 353 495 figura
380 411 422 476 ad
450 411 581 494 aliquod
607 412 834 497 reotangulum
862 412 1024 477 rationem

52 514 111 579 bat
133 516 252 600 datam,
275 520 308 580 et
330 539 433 581 unum
454 516 542 581 latus
565 517 606 581 ad
630 539 731 582 unum
753 517 839 580 latus
863 517 1024 583 rationem

52 620 113 684 bet
136 622 256 707 datam,
278 623 506 707 reatangulum
529 624 642 687 datum
666 628 716 688 est
739 623 855 707 specie.

79 748 155 791 nam
173 728 250 792 data
267 727 374 813 figura
388 733 487 794 ΑΖΒ
511 730 552 795 ad
570 730 701 814 aliquod
719 729 947 814 raotangulum
964 732 1025 793 ΓΛ

52 832 172 898 tionem
199 833 320 898 habeat
348 834 471 919 datam,
503 840 537 899 et
563 836 649 900 ratio
675 839 735 899 ZB
751 839 841 899 :EA
869 836 945 900 data
972 835 1026 903 sit.

52 959 96 1024 zo,
118 943 179 1003 ΓΔ
202 939 314 1004 datum
337 962 407 1004 esse
432 941 546 1024 specie.

83 1048 288 1109 construatur
314 1046 400 1111 enim
427 1045 463 1110 in
487 1051 549 1111 ZB
577 1048 772 1131 quadratum
797 1052 869 1112 ΖΗ
894 1045 930 1132 [1,
954 1047 1022 1131 46],

79 1150 253 1233 adplicetur
269 1156 387 1216 ‚reatae
416 1157 479 1217 EA
506 1154 665 1236 quadrato
695 1158 767 1218 ΖΗ
796 1155 928 1237 aequale
951 1176 1025 1238 par-

306 1318 333 1372 Α
468 1307 504 1358 Γ
681 1313 852 1386 -qM

231 1979 254 2026 Α
761 1771 845 2036 l

52 2101 291 2190 *elogrammum
323 2105 394 2166 ΕΚ
423 2106 456 2166 et
486 2101 535 2166 lta
557 2106 712 2187 ponatur,
740 2107 777 2166 ut
805 2107 870 2168 ΓΕ
896 2110 929 2169 at
958 2109 1024 2170 ΕΘ

78 2211 179 2275 eadem
203 2213 292 2273 reeta
315 2208 382 2272 sint
406 2207 443 2292 [1,
457 2208 525 2292 45].
562 2231 660 2292 quare
685 2209 784 2274 etiarn
807 2214 880 2274 MA
903 2215 936 2276 et
953 2216 1028 2276 AK

61 2316 171 2380 eadem
187 2320 278 2380 recta
293 2318 370 2379 aunt
390 2312 428 2398 [1,
438 2315 495 2398 293
512 2313 613 2399 1‚14].
647 2319 680 2379 et
695 2316 848 2398 quoniam
862 2318 897 2382 in
913 2318 1025 2382 eadem

52 2422 103 2484 ³ta
132 2427 193 2487 ΖΒ
231 2422 313 2486 duaa
350 2420 514 2503 quaelibet
546 2421 670 2506 figurae
708 2423 813 2506 spacia
846 2424 940 2488 datae
974 2424 1025 2487 de-

52 2523 150 2609 ?iptae
177 2532 253 2593 sunt
276 2511 492 2610 AzB,'zH,
519 2526 604 2590 ratio
629 2532 729 2592 ΑΖΒ
743 2532 840 2592 :ZH
863 2529 939 2592 data
962 2529 1023 2592 ent

52 2644 116 2717 rop.
130 2633 258 2718 XLIX}
296 2655 410 2696 uerum
423 2631 509 2696 ratio
524 2636 624 2697 ΑΖΒ
635 2657 642 2696 :
654 2636 714 2696 ΓΛ
733 2635 808 2698 data
823 2639 880 2697 est.
912 2634 1023 2716 itaque

52 2756 110 2804 an
128 2741 212 2804 ratio
233 2743 306 2804 ZH
315 2762 323 2803 ε
338 2741 399 2803 ΓΛ
417 2738 494 2802 data
512 2743 562 2802 ast
585 2742 688 2824 [prop.
703 2737 807 2823 VIII}
845 2742 895 2802 est
914 2741 1024 2806 autem

52 2837 131 2905 H=
142 2850 216 2911 ΕΚ.
241 2866 339 2928 quare
355 2845 454 2909 etiam
468 2844 553 2908 ratio
569 2847 630 2908 ΓΛ
641 2867 648 2907 :
658 2848 728 2907 ΕΚ
740 2846 816 2908 data
831 2849 889 2910 est.
912 2845 1022 2928 Itaque

52 2968 111 3015 -am
123 2952 208 3016 ratio
222 2955 301 3015 PE:
311 2955 377 3014 ΕΘ
395 2950 471 3014 data
486 2954 536 3014 est
551 2947 661 3036 [V1,1;
682 2949 742 3014 def.
753 2950 797 3034 2].
821 2956 855 3015 et
869 2951 1024 3037 quoniam

52 3049 88 3117 Η
98 3058 400 3143 parallelogrammo
415 3059 485 3119 ΕΚ
500 3055 633 3138 aequale
648 3060 698 3120 est
714 3061 747 3120 et
762 3057 1024 3143 aequiangulum,

52 3175 114 3227 Jera
140 3186 252 3228 eorum
276 3163 312 3227 in
335 3161 500 3226 contraria
521 3162 731 3246 proportione
760 3168 868 3249 erunt,
900 3168 933 3227 at
961 3163 1023 3227 erit

52 3263 172 3334 BzEA
186 3300 228 3322 =
243 3273 330 3333 Eo:
347 3271 407 3332 ΖΛ
434 3266 508 3351 [Ἧ,
528 3266 593 3350 14].
642 3290 756 3333 uerum
785 3268 1024 3353 supposuimus,

55 3404 113 3527 teIn
127 3407 195 3531 {gg
216 3406 297 3461 codd.
317 3406 407 3460 Vatv
426 3406 511 3459 dueta
530 3408 574 3459 est
593 3408 626 3458 N
628 3407 661 3465 Ξ.
689 3423 740 3474 pro
755 3412 780 3460 A
799 3405 864 3459 hab.
883 3408 912 3474 Z,
930 3420 982 3473 pro
996 3407 1031 3461 11-
1071 3476 1074 3481 Ι

52 3510 55 3518 .
83 3493 109 3530 m
188 3521 193 3531 ,
1031 3500 1074 3591 d
