2356 3818
126 149 189 214 152
527 152 733 208 ΔΕΔΟΜΕΝΑ.

125 296 222 375 λόγος
245 295 309 379 άρα
332 292 387 358 καὶ
410 303 468 378 τῆς
491 298 557 358 ΕΘ
578 295 662 381 πρὸς
684 296 746 379 τὴν
770 298 831 360 ΖΛ
854 295 979 371 ὃοθείς.
1017 302 1068 378 τῆς
1085 290 1113 357 δὲ

124 404 190 464 ΕΘ
220 400 304 487 πρὸς
330 401 391 484 τὴν
420 402 484 464 ΓΕ
513 403 612 482 λόγος
639 398 708 465 ἔστί
735 401 865 477 θοθείς·
903 397 959 465 καὶ
989 409 1044 484 τῆς
1067 402 1114 464 ΓΕ

125 507 189 591 άρα
216 507 299 592 πρὸς
327 507 389 589 τὴν
413 510 473 570 ΖΛ
500 508 599 587 λόγος
626 503 694 571 ἐστὶ
719 507 843 583 δοθείς.
890 503 1006 590 taffo}
1026 505 1046 589 ἡ
1064 508 1112 570 ΔΖ

125 621 165 696 τῇ
195 616 269 675 ΖΒ·
309 602 530 698 [τετράγωνον
562 613 640 699 γάρ·
673 620 731 696 τῆς
760 616 826 676 ΛΖ
863 613 930 698 άρα
960 613 1042 699 πρὸς
1060 615 1113 679 ΕΔ

89 729 105 777 5
125 720 223 801 λόγος
247 719 373 793 θοθείς·
402 719 570 800 σύγκειται
594 718 685 804 γάρ’]
721 716 858 802 καὶτῆς
883 722 949 784 ΓΕ
969 719 1033 805 άρα
1051 718 1113 803 πρὸς

122 825 186 907 Ιτὴν
208 828 273 887 ΕΔ
301 825 398 906 λόγος
426 821 494 889 ἐστὶ
523 825 646 900 θοθείς.
691 826 750 889 καί
771 823 862 889 ἔστιν
889 825 979 910 ὀρθὴ
1007 823 1114 910 ἡκρὸς

126 938 172 1017 τῷ
197 934 228 993 Ε
249 933 367 1012 γωνία·
392 928 524 994 δέδοται
547 932 612 1018 άρα
634 932 672 996 τὸ
697 935 758 995 ΓΛ
780 940 826 1018 τῷ
850 931 943 996 είδει.

598 1123 666 1190 οθ’.

94 1312 101 1325 ,
191 1246 267 1312 Ἐάν
300 1249 362 1312 δύο
394 1251 540 1334 τρίγωνα
571 1251 652 1332 μίαν
680 1251 807 1330 γωνίαν
838 1257 899 1336 μιᾷ
926 1250 1032 1335 γωνία
1058 1252 1116 1327 ίσην

74 1365 108 1413 10
128 1356 194 1438 ἔχῃ,
217 1352 272 1417 καὶ
295 1353 358 1418 άπὸ
382 1365 450 1418 τών
469 1360 551 1419 ίσων
569 1364 703 1437 γωνιῶν
726 1352 778 1418 ἔιιὶ
797 1355 856 1430 τάς
873 1354 988 1438 βάσεις
1004 1354 1116 1418 κάθετα

128 1459 257 1524 εὐθεῖαι
277 1457 423 1545 γραμμαὶ
441 1460 604 1544 ἀχθῶσιν,
626 1455 648 1546 ᾗ
667 1459 714 1544 δέ,
738 1460 783 1536 ὡς
801 1460 821 1544 ἡ
839 1469 901 1525 τοῦ
918 1461 1050 1546 πρώτου
1065 1480 1116 1542 τρι

127 1567 238 1648 γώνου
263 1566 359 1648 βάσις
385 1568 469 1652 πρὸς
491 1568 552 1650 τὴν
575 1567 733 1649 κάθετον,
765 1565 872 1643 οὕτως
899 1565 920 1649 ἡ
943 1575 1005 1631 τοῦ
1027 1562 1117 1650 ἑτέρον

127 1673 292 1760 τριγώνου
316 1671 412 1754 βάσις
434 1673 518 1759 πρὸς
540 1674 601 1756 τὴν
624 1672 779 1756 κάθετον,
803 1674 966 1754 ἰσογώνια
989 1675 1072 1737 ἔσται
1089 1667 1119 1732 αὶ

128 1781 283 1864 τρίγωνα.

74 1894 107 1942 15
194 1888 276 1949 ἔστω
309 1886 371 1948 δύο
402 1886 548 1969 τρίγωνα
575 1884 616 1947 τὰ
643 1887 758 1967 ΑΒΓ,
784 1887 890 1949 ΘΖΗ
920 1889 995 1959 ίσας
1025 1884 1121 1966 ἔχοντα

127 1994 250 2072 γωνίας
268 1990 326 2064 τάς
344 1991 427 2075 πρὸς
445 2001 515 2066 τοῖς
529 1993 566 2072 Ζ,
582 1993 621 2072 Β,
640 1987 694 2054 καὶ
712 1989 873 2072 ἤχθωσαν
893 1988 958 2054 ἀπὸ
979 2000 1044 2054 τῶν
1057 1986 1121 2069 Ζ,Β
1154 2038 1156 2089 i

126 2096 263 2160 κάθετοι
281 2097 318 2160 αί
334 2100 408 2178 ΒΛ,
424 2099 504 2159 ΖΚ·
528 2098 610 2161 ἔστω
630 2093 676 2179 δέ,
695 2095 741 2171 ώς
758 2093 779 2177 ἡ
798 2102 831 2159 A
837 2098 869 2160 Γ
885 2096 972 2181 πρὸς
989 2095 1048 2178 τὴν
1065 2094 1124 2171 ΒΔ,
1154 2110 1156 2119 ·

128 2201 233 2276 οὕτως
256 2201 276 2284 ἡ
298 2205 371 2266 ΘΗ
388 2202 471 2287 πρὸς
493 2202 555 2284 τὴν
574 2205 652 2266 ΚΖ·
679 2199 774 2284 λέγω,
798 2201 849 2266 ὅτι
874 2201 1053 2282 ἰσογώνιόν
1069 2196 1125 2262 ἔστι
1154 2182 1156 2199 ¹

128 2307 165 2370 τὸ
189 2311 295 2370 ΑΒΓ
312 2310 477 2393 τρίγωνον
498 2316 544 2394 τῷ
571 2311 678 2372 ΘΖΗ
696 2307 859 2394 τριγώνῳ.

74 2424 109 2472 20
194 2412 452 2500 περιγεγράφθω
471 2414 534 2499 γὰρ
553 2410 628 2499 περὶ
647 2414 685 2478 τὸ
702 2416 810 2478 ΘΖΗ
824 2413 993 2496 τρίγωνον
1010 2411 1125 2489 κύκλος,

62 2541 66 2548 ’
129 2514 169 2584 οὗ
192 2528 301 2604 τμῆμα
324 2522 406 2584 ἔστω
429 2520 467 2583 τὸ
489 2523 601 2601 ΘΖΗ,
615 2510 679 2582 Ικαὶ
703 2518 892 2583 συνεστάτω
912 2518 999 2602 πρὸς
1015 2527 1054 2603 τῇ
1070 2514 1130 2580 ΘΗ

129 2625 246 2711 εὐθείᾳ
277 2624 331 2690 καὶ
359 2635 404 2712 τῷ
432 2626 516 2710 πρὸς
542 2625 625 2709 αὐτῇ
650 2626 772 2711 σημείῳ
796 2632 841 2710 τῷ
867 2627 897 2687 Θ
922 2632 964 2708 τῇ
986 2622 1052 2688 ὑπὸ
1072 2630 1127 2685 τῶν

199 2859 223 2906 2.
244 2851 419 2942 ωοχωαο.
477 2850 727 2921 rmum.
787 2854 812 2903 ε,
833 2850 892 2919 τι]
912 2851 998 2904 ΕΑΘ
1012 2847 1038 2902 b.
1088 2843 1124 2912 ιιι

129 2953 161 2962 -
182 2928 205 2977 6.
226 2923 336 2993 δοθεις]
356 2938 409 2976 om.
428 2921 455 2976 b.
543 2927 567 2974 3.
587 2921 651 2991 ΛΖ]
674 2924 720 2974 ΖΛ
738 2920 835 2974 θεία.
920 2924 946 2973 4.
964 2916 1125 2988 τετράγωνον

129 3022 158 3032 -
178 2996 202 3045 θ,
222 2990 288 3063 γάρ]
307 2991 395 3046 deleo.
483 2996 507 3045 5.
531 2990 588 3046 ἐστὶ
607 2987 705 3052 θοθείς
725 2990 823 3045 Vat.v.
914 2988 1057 3060 σύγκειται
1064 2982 1124 3125 m

128 3060 275 3116 ὑπόκειται
294 3061 346 3131 γάρ
365 3062 475 3130 Hardy;
495 3062 548 3116 del.
565 3061 716 3131 Gregorius
735 3064 765 3115 et
781 3060 949 3130 Peymrdus.
1022 3065 1045 3114 9.

128 3148 196 3186 corr.
218 3147 252 3186 ex
271 3130 331 3187 ίσον
349 3150 385 3186 m.
406 3137 421 3185 2
441 3150 466 3185 v.
540 3132 618 3187 10.ss
651 3134 751 3204 ]corr.
771 3147 806 3186 ex
825 3132 880 3202 ἔχει
897 3149 934 3185 m.
954 3136 971 3184 2
991 3149 1018 3200 v,
1039 3146 1086 3184 οια
1101 3124 1121 3177 b·

165 3208 206 3256 11.
226 3204 351 3273 εὐθεῖαι]
371 3219 423 3255 om.
442 3202 469 3255 b.
542 3203 572 3274 ἡ]
592 3153 656 3257 agg.
676 3221 712 3257 m.
732 3209 747 3257 2
767 3221 793 3257 v.
876 3207 917 3256 12.
937 3198 1026 3264 οὕτως
1045 3232 1069 3239 -
1089 3198 1121 3249 1³·

127 3272 265 3345 κάθετον]
284 3291 340 3342 mg.
360 3289 414 3327 om.
433 3276 539 3327 aceent.
558 3292 594 3329 m.
615 3280 630 3326 1
649 3273 679 3327 P.
773 3278 814 3327 12.
834 3270 924 3335 οὕτως
937 3304 971 3313 -
987 3276 1029 3325 13.
1047 3264 1121 3342 βάσις]

126 3348 159 3402 οὐ
178 3345 239 3417 (sic)
257 3353 291 3416 τῇ
309 3342 389 3415 βάσει
406 3351 456 3397 τοῦ
475 3341 606 3412 θεοτέροο
625 3344 652 3398 b.
731 3349 772 3398 15.
794 3344 896 3415 ΘΖΗ]
919 3346 973 3399 ΖΘ
990 3342 1018 3396 b.
1083 3342 1115 3390 Π·

126 3417 175 3490 ὡς]
195 3434 248 3472 om.
268 3416 295 3471 b.
387 3420 429 3469 20.
456 3417 547 3469 ΘΖΗ
562 3412 786 3538 τρίγωνονχΙΘΖ
803 3414 830 3468 b.
923 3419 966 3469 21.
986 3408 1020 3467 οὗ
1036 3408 1065 3465 τά
1079 3408 1120 3461 Pv·

162 3494 204 3543 22.
224 3488 291 3561 τῶν]
310 3495 359 3559 τῆς
376 3485 404 3558 b,
424 3488 454 3540 et
472 3484 512 3538 sic
529 3501 580 3555 per
597 3488 688 3539 totam
727 3501 780 3539 ane
797 3500 876 3553 prop.
