2356 3818
124 116 190 178 184
525 115 729 167 momx.

123 261 251 334 δοθείς·
285 260 383 339 λόγος
404 260 470 341 ἄρα
491 256 547 322 καὶ
569 255 824 343 συναμφοτέρου
845 264 904 340 τῆς
926 257 1024 320 ΒΑΓ
1043 255 1151 340 πρὸς

123 367 184 447 τὴν
206 370 272 427 AA
295 364 418 439 δοθείς.

188 469 283 551 λέγω,
305 471 357 534 ὄτι
379 468 433 533 ιιαλ
457 472 495 535 τὸ
517 470 582 535 ὑπὸ
605 467 859 554 συναμφοτέρου
880 476 941 552 τῆς
957 471 1018 532 BA
1024 469 1054 531 Γ
1069 469 1143 534 καὶ

123 587 180 659 τῆς
204 582 266 641 EA
289 575 393 641 δοθέν
416 576 515 641 έστιν.

88 696 104 742 5
191 682 257 747 ἐπεὶ
291 684 354 765 γὰρ
387 685 563 763 ἰσογώνιόν
595 681 664 747 ἐστι
690 683 728 759 τὸ
756 684 862 747 ΑΕΓ
886 682 1049 765 τρίγωνον
1078 690 1132 767 τῇ

122 794 225 854 AER
252 791 417 875 τριγώνῳ,
448 792 538 853 ἔστιν
565 791 629 873 ἄρα
655 789 701 864 ὡς
728 788 748 870 ἡ
770 792 833 853 BA
858 787 943 869 πρὸς
963 787 1024 869 τὴν
1044 788 1130 866 AE,

124 896 231 971 οὕτως
254 894 273 977 ἡ
297 898 368 959 ΑΓ
388 896 471 977 πρὸς
498 896 558 977 τὴν
583 897 653 959 ΓΕ.
698 893 744 969 ὡς
765 890 803 957 δὲ
823 891 844 974 ἡ
866 894 939 957 ΑΓ
958 893 1040 977 πρὸς
1065 891 1127 973 τὴν

126 1006 158 1065 Γ
156 1007 201 1067 Ε.
224 1002 330 1076 οὕτως
353 999 422 1065 ἐστὶ
444 1004 695 1085 συναμφότερος
712 1001 732 1083 ἡ
750 1004 814 1064 ΒΑ
820 1001 853 1063 Γ
867 1000 952 1084 πρὸς
968 999 1029 1081 τὴν
1045 997 1116 1060 ΒΓ
1117 1012 1124 1027 ·

124 1107 179 1172 καὶ
197 1109 243 1184 ὡς
261 1110 510 1192 συναμφότερος
528 1109 592 1189 ἄρα
612 1106 707 1189 ἡΒΑ
712 1108 744 1170 Γ
758 1107 841 1192 πρὸς
853 1106 914 1188 τὴν
928 1106 1000 1187 ΓΒ,
1022 1102 1121 1174 οὕτως

74 1225 107 1273 10
126 1213 216 1278 ἐστὶν
241 1213 340 1295 ἡΒΔ
361 1215 445 1299 πρὸς
462 1215 523 1296 τὴν
540 1219 624 1278 ΔΕ·
646 1214 684 1278 τὸ
707 1215 771 1297 ἄρα
792 1212 858 1276 ὑπὸ
877 1207 1118 1295 συναμφοτέρου

125 1328 182 1401 τῆς
200 1323 300 1383 ΒΑΓ
312 1318 367 1383 καὶ
385 1330 443 1402 τῆς
455 1325 518 1383 EA
536 1318 626 1383 ἐστιν
644 1325 719 1383 ἴσον
736 1327 781 1405 τῷ
799 1317 865 1383 ὑπὸ
884 1328 952 1381 τῶν
970 1320 1039 1398 ΓΒ,
1052 1314 1115 1378 ΒΔ.

125 1421 228 1489 δοθὲν
251 1421 288 1488 δὲ
310 1427 346 1490 τὸ
371 1425 434 1489 ὑπὸ
458 1436 525 1490 τῶν
544 1429 615 1507 ΓΒ,
629 1429 704 1489 ΒΔ·
728 1421 832 1488 δοθὲν
850 1425 916 1509 ἄρα
934 1421 989 1487 καὶ
1006 1422 1040 1486 τὸ
1056 1416 1112 1484 ὑπὸ

126 1530 378 1615 συναμφοτέρου
401 1542 458 1614 τῆς
481 1535 580 1596 ΒΑΓ
598 1530 652 1595 καὶ
675 1541 732 1614 τῆς
754 1535 829 1595 ΕΔ.

598 1723 663 1802 ηδ’.

75 1861 108 1907 15
191 1848 266 1915 Ἐὰν
290 1851 413 1914 κύκλου
437 1848 616 1933 δεδομένου
635 1859 675 1933 τῇ
693 1846 785 1912 θέσει
805 1844 859 1911 έιτὶ
876 1855 935 1930 τῆς
954 1843 1106 1930 διαμέτρου

128 1951 232 2021 δοθὲν
255 1967 390 2039 σημεῖον
414 1959 543 2040 ληφθῆ,
576 1954 640 2020 ἀπὸ
663 1951 701 2018 δὲ
723 1961 782 2018 τοῦ
805 1955 942 2037 σημείου
968 1953 1046 2038 πρὸς
1063 1947 1106 2011 τὸν

127 2062 249 2125 κύκλον
271 2064 468 2146 προσβληθῇ
487 2085 537 2137 τις
557 2061 671 2126 εὐθεῖα
693 2057 748 2123 καὶ
767 2058 830 2124 ἀπὸ
852 2067 911 2142 τῆς
927 2067 1025 2144 τομῆς
1043 2051 1107 2137 10000

127 2165 233 2249 ὀρθὰς
256 2165 344 2250 ἄχθη
371 2191 410 2251 τη
433 2168 623 2251 διαχθείση,
650 2166 706 2230 διὰ
729 2162 767 2230 δὲ
792 2173 852 2230 τοῦ
872 2167 1022 2249 σημείου,
1044 2147 1104 2226 ανδ

129 2270 146 2335 ὃ
170 2272 389 2354 συμβάλλειε
371 2296 392 2354 η
414 2275 498 2359 πρὸς
519 2273 625 2358 ὀρθὰς
644 2282 682 2357 τῇ
700 2274 902 2399 περιφερείᾳ,
922 2269 1109 2357 τιαράλληλο0

76 2390 111 2438 20
129 2376 217 2460 ἄχθη
245 2387 283 2462 τῇ
311 2379 500 2463 διαχθείση,
532 2377 636 2443 δοθέν
664 2377 732 2442 ἐστι
762 2378 800 2441 τὸ
827 2388 977 2461 σημεῖον,
1007 2369 1074 2440 καθ’
1092 2360 1109 2426 ὃ

128 2483 308 2566 συμβάλλει
340 2484 361 2566 ἡ
392 2485 600 2570 παράλληλος
631 2494 670 2569 τῇ
702 2481 879 2570 διαμέτρῳ,
911 2481 968 2547 καὶ
998 2483 1032 2547 τὸ
1058 2469 1110 2542 000

129 2601 195 2655 τῶν
212 2593 432 2677 παραλλήλων
444 2594 677 2678 περιεχόμενον
690 2590 901 2675 ὀρθογώνιον
915 2585 1018 2654 δοθὲν
1030 2589 1108 2651 έστο0Ὃ

193 2699 317 2762 κύκλου
336 2698 399 2782 γὰρ
418 2708 457 2782 τῇ
480 2694 572 2761 θέσει
591 2694 770 2780 δεδομένου
789 2704 848 2759 τοῦ
866 2698 973 2761 ΑΒΓ
991 2692 1039 2760 έιτλ
1054 2691 1108 2755 διν

55 2884 63 2899 .
129 2798 249 2888 μ’έτρου
273 2813 330 2886 τῆς
348 2807 415 2868 ΒΓ
434 2805 583 2887 εἰλήφθω
608 2799 711 2866 δοθὲν
735 2813 869 2885 σημεῖον
891 2802 928 2867 τὸ
950 2807 994 2883 Δ,
1016 2798 1064 2863 διδ
1080 2780 1120 2852 δ’

76 2920 112 2968 25·
129 2916 189 2972 τοῦ
217 2913 250 2971 A
281 2910 364 2994 πρὸς
390 2911 448 2974 τὸν
475 2911 597 2974 κύκλον
623 2909 883 2993 προσβεβλήσθω
911 2929 961 2983 τις
987 2909 1106 2989 τυχοο00

129 3013 150 3098 ἡ
177 3018 256 3096 ΔΑ,
288 3013 351 3078 ἀπὸ
384 3011 421 3078 δὲ
447 3024 506 3080 τοῦ
535 3022 567 3080 Α
598 3024 637 3100 τῇ
665 3021 731 3079 AA
762 3014 844 3099 πρὸς
873 3014 981 3099 ὀρθὰς
1010 3007 1106 3094 γωνίας

130 3118 245 3183 εὐθεῖα
264 3119 358 3201 ἤχθω
376 3117 397 3200 ἡ
416 3124 496 3202 ΑΕ,
519 3121 576 3184 διδ
594 3117 631 3184 δὲ
650 3129 709 3184 τοῦ
727 3124 759 3184 Ε
779 3131 819 3205 τῇ
838 3125 904 3184 AA
926 3118 1108 3204 παράλληλος

201 3315 226 3366 4.
249 3309 309 3380 τῆς]
332 3317 430 3364 noba.
521 3309 605 3382 ἐστιν]
629 3333 659 3366 -ν
683 3312 746 3367 add.
770 3329 806 3366 m.
829 3317 845 3366 2
869 3329 895 3366 v,
985 3316 1008 3367 ὅ.
1029 3299 1108 3371 ΑΕΓ]

130 3384 258 3437 ΒΕΔε..
313 3383 337 3435 0
357 3380 451 3450 ΔΕΒ]
471 3384 595 3437 ΑΕΓα
652 3383 716 3436 0.ιο
695 3403 782 3445 ως-
803 3387 827 3437 8
849 3384 918 3455 ΓΕ]
938 3397 1032 3437 οωο
1079 3377 1108 3428 10.

130 3452 294 3525 moupra
313 3466 363 3506 scr
382 3469 418 3505 m
437 3457 497 3506 2v.
579 3454 651 3524 ΔΕ]
671 3452 775 3509 ΔΘΡ
863 3458 904 3509 11
925 3462 980 3509 τῶν
999 3444 1110 3519 ma]
