2356 3818
123 151 186 216 178
522 151 726 204 Δωιοαωωι.

121 298 159 361 τὸ
182 299 298 360 ΛΑΓ·
329 293 423 360 θέσει
451 296 515 380 ἄρα
543 292 613 360 ἐστὶ
627 295 676 359 ἰτὸ
699 296 817 359 ΛΑΓ·
848 291 944 358 θέσει
972 287 1011 356 δὲ
1037 287 1135 355 καὶὸ

122 406 188 467 ΑΒ
214 403 346 478 κύκλος·
379 399 484 466 δοθέν
507 399 597 466 ἐστιν
624 401 748 486 ἄρατὸ
772 405 814 465 Α.
860 398 944 464 ἀλλὰ
967 395 1086 463 καὶτὸ
1110 398 1140 461 Γ

123 505 227 572 δοθέν
250 506 352 573 ἐστιν·
386 508 526 572 δοθεῖσα
553 508 617 592 ἄρα
640 504 731 572 ἐστὶν
753 505 774 589 η
798 511 831 570 Α
837 509 869 570 Γ
890 514 930 592 τῇ
959 503 1055 570 θέσει
1083 499 1135 567 καλ

122 623 168 702 τῷ
193 612 334 698 μεγέθει.

86 731 103 780 ο
596 717 661 800 ηα’.

187 823 264 891 Ἐὰν
287 826 410 890 κύκλου
433 823 613 909 δεδομένου
636 834 676 911 τῇ
692 824 788 890 θέσει
811 829 928 909 ληφθῇ
948 845 981 887 τι
1000 831 1135 905 σημεῖον

125 929 217 1008 ἐκτὸς
235 930 349 1014 δοθέν,
368 930 431 996 ἀπὸ
450 928 487 996 δὲ
505 940 565 995 τοῦ
584 935 720 1015 σημείου
739 933 786 1008 είς
799 931 859 996 τὸν
872 929 998 994 κύκλον
1011 928 1132 1011 διαχθῇ

125 1060 174 1113 τις
197 1037 325 1120 εὐθεῖα,
354 1039 391 1102 τὸ
413 1036 479 1101 ὑπὸ
508 1046 566 1120 τῇς
588 1036 745 1120 ἀχθείσης
773 1034 829 1101 καὶ
850 1044 909 1119 τῇς
930 1031 1052 1118 μεταξύ
1074 1040 1128 1096 τοῦ
1163 1040 1166 1121 χ

126 1145 262 1226 σημείου
278 1141 334 1207 καὶ
347 1152 405 1226 τῇς
417 1151 540 1228 κυρτῆς
557 1146 768 1229 περιφερείας
785 1143 1019 1228 περιεχόμενον
1033 1137 1124 1223 ὀρθω

74 1260 107 1308 10
126 1248 249 1329 γωνιον
272 1247 375 1313 δοθέν
398 1248 496 1313 ἐστιν.

191 1354 314 1418 κύκλου
332 1355 394 1438 γὰρ
414 1352 594 1438 δεδομένου
613 1364 653 1441 τῇ
670 1353 765 1420 θέσει
783 1364 843 1420 τοῦ
857 1356 964 1420 ΑΒΓ
980 1352 1119 1433 εἰλήφθω

127 1482 159 1523 τι
183 1471 318 1542 σημεῖον
341 1460 431 1535 έκτὸς
453 1461 491 1524 τὸ
509 1466 552 1544 A,
575 1460 639 1525 ἀπὸ
658 1458 695 1526 δὲ
713 1470 773 1526 τοῦ
790 1467 825 1525 A
847 1464 985 1546 σημείου
1003 1465 1115 1548 διήχθω

127 1589 177 1642 τις
205 1565 320 1630 εὐθεῖα
346 1565 366 1648 η
394 1569 459 1628 AB
492 1563 656 1650 τέμνουσα
686 1568 745 1632 τὸν
776 1569 914 1634 κύκλον·
952 1569 1047 1653 λέγω,
1075 1569 1113 1633 ὅτι

129 1669 232 1735 δοθέν
255 1671 323 1736 ἐστι
345 1672 382 1736 τὸ
404 1671 469 1736 ὑπὸ
493 1680 561 1736 τῶν
579 1676 651 1756 ΒΛ,
669 1676 742 1738 ΔΓ.

77 1789 109 1838 15
194 1779 288 1861 ἤχθω
316 1776 379 1842 ἀπὸ
406 1786 466 1842 τοῦ
489 1783 522 1842 A
550 1782 685 1863 σημείου
712 1787 772 1844 τοῦ
796 1784 903 1846 ΑΒΓ
922 1762 1043 1848 κύκλου
1067 1779 1108 1862 ίφ

127 1883 291 1968 ακτομένη
315 1884 429 1948 εὐθεῖα
451 1883 472 1967 ἡ
496 1888 572 1947 AA·
598 1885 737 1949 δοθεῖσα
760 1887 824 1970 ἄρα
847 1885 938 1953 ἐστὶν
951 1887 981 1971 ἡ
1003 1888 1104 1967 ΑΔνῇ

127 1990 220 2056 θέσει
243 1986 365 2077 καὶτῷ
387 1988 529 2073 μεγέθει.
566 1989 635 2055 ἐπεὶ
658 1987 883 2057 οὖν-δοθεῑσύ
906 1993 997 2059 ἐστιν
1016 1991 1105 2076 MA,

129 2093 233 2160 δοθὲν
260 2097 323 2180 ἄρα
350 2093 419 2159 ἐστὶ
447 2094 561 2160 καὶτὸ
585 2096 648 2161 ἀπὸ
671 2105 729 2180 τῇς
751 2102 825 2162 AA.
865 2103 925 2164 καί
946 2099 1033 2165 ε’συιν
1052 2103 1104 2161 ίσω

129 2210 174 2288 τῷ
201 2200 266 2264 ὑπὸ
293 2211 360 2264 τῶν
383 2205 445 2264 BA
451 2205 495 2265 Γ·
528 2199 632 2266 δοθὲν
654 2203 718 2287 ύρα
746 2201 814 2268 ἐστὶ
841 2203 897 2269 καὶ
919 2207 957 2272 τὸ
979 2206 1039 2270 ὑπὸ
1058 2210 1105 2265 ιον

77 2317 111 2366 κο
130 2308 234 2370 ΒΑΓ.

596 2411 661 2496 οβ’·

194 2516 270 2583 Ἐὰν
292 2519 416 2583 κύκλου
439 2517 618 2603 δεδομένου
641 2529 680 2604 τῇ
698 2518 791 2585 θέσει
815 2526 931 2607 ληφθῇ
949 2543 982 2586 τι
999 2527 1106 2603 σημείων

132 2626 226 2702 έντὸς
253 2623 371 2707 δοθέν,
404 2625 459 2688 διδ
486 2622 522 2689 δὲ
550 2634 609 2689 τοῦ
637 2629 772 2710 σημείου
801 2626 926 2713 διαχθῇ
948 2651 999 2704 τις
1018 2625 1108 2691 εὐθεῖα

131 2733 178 2808 είς
205 2733 264 2796 τὸν
290 2732 429 2814 κύκλον,
461 2731 498 2795 τὸ
520 2730 586 2796 ὑπὸ
609 2743 676 2796 τῶν
698 2741 756 2816 τῇς
779 2731 937 2817 ἀχθείσης
959 2728 1108 2818 τμημύτοί

78 2845 112 2895 25
130 2840 362 2922 περιεχόμενον
384 2837 595 2922 ὀρθογώνιον
618 2835 720 2902 δοθέν
743 2837 840 2902 ἐστιν.

130 2944 235 3044 —1-.
237 2945 422 3064 ἦθ’-(μιῇ
448 2997 524 3047 ΔΓΑ
543 2934 567 3047 εί
657 2990 788 3047 θέσει-
807 2994 904 3065 ΔΑΓ]
923 3010 977 3048 om.
997 3011 1020 3048 ο..
1091 2989 1109 3038 λ·

132 3060 187 3129 ίίρα
208 3060 281 3115 ἐστίν
300 3080 324 3116 ε.
392 3061 456 3135 καί]
476 3081 569 3154 υκαι..
609 3134 616 3152 Ι
642 3069 666 3118 3.
686 3061 789 3187 δοθένῇ
808 3061 914 3154 δοθέν·-
929 3061 1018 3120 δοθὲν
1031 3062 1110 3144 ἄραξε

167 3131 235 3203 ἄρα]
255 3149 307 3188 om.
326 3133 356 3187 P.
440 3139 464 3188 ὁ.
484 3137 548 3206 qa]
569 3136 605 3206 ηβ
636 3135 709 3204 Vah,
734 3135 769 3188 ed
790 3152 852 3206 .;q
885 3137 954 3206 β().
1038 3139 1058 3187 7.
1075 3124 1110 3195 δε]

133 3219 185 3258 om.
205 3204 229 3274 β.
312 3209 335 3258 8.
355 3212 404 3258 τοῦ
422 3223 450 3258 τε
469 3207 494 3275 β.
578 3211 619 3260 10.
641 3204 715 3259 ἔσται
753 3250 757 3260 .
844 3211 885 3260 11.
905 3214 938 3278 τῇ
956 3204 1034 3260 θέσει
1050 3201 1111 3257 δεδι

132 3271 261 3344 μένωνα.
333 3279 416 3327 ΑΒΓ
450 3281 545 3331 Ara.
618 3282 658 3331 13.
679 3282 731 3330 AB
764 3281 878 3331 nava.
953 3273 1112 3337 ιαοιιωι

133 3351 214 3401 ΒΔΓ
229 3363 253 3400 a.
340 3351 380 3399 16.
400 3352 426 3399 A
459 3351 523 3402 Pa.
604 3352 645 3400 16.
666 3349 764 3401 εὐθεῖα
783 3346 895 3417 γραμμή
913 3364 937 3403 a.
1013 3347 1111 3401 δοθεῖσα

133 3449 165 3458 -
185 3419 245 3488 AA]
265 3413 378 3471 δέδοται
396 3416 452 3485 ἄρα
471 3435 495 3471 a.
556 3423 596 3472 18.
616 3419 676 3488 AA]
695 3423 743 3473 AA
761 3418 825 3472 Vat.
887 3423 927 3473 19.
947 3427 1002 3475 τῶν
1017 3418 1110 3487 (ww

132 3489 209 3562 que>J
229 3495 277 3559 της
295 3504 319 3543 a.
410 3494 452 3544 20.
477 3489 539 3558 Seq.
558 3489 707 3544 demonstr.
726 3489 789 3558 ωας
808 3506 834 3545 u.
855 3506 918 3559 app.
1007 3493 1047 3545 21.
1063 3477 1110 3555 ηθΊ
