2356 3818
523 132 627 184 DATA.
1040 128 1081 196 67

66 279 143 339 ΕΗ
160 274 321 338 rationem
343 275 385 338 ad
402 279 466 338 EZ
489 274 613 338 habens
633 276 751 360 datam,
769 280 802 339 et
820 298 878 359 per
895 280 934 340 H
952 276 1082 359 utrique

65 383 174 445 reatae
207 384 287 465 ΑΒ,
316 383 378 444 ΓΛ
412 379 569 464 parallela
602 384 691 445 reeta
722 380 807 444 linea
840 383 975 447 dueatur
1010 386 1082 447 ΘΚ.

65 486 150 572 dieo,
175 489 244 551 ΘΚ
263 487 372 551 datam
396 508 466 551 esse
489 486 661 571 positione.

132 586 210 657 narn
233 597 381 657 sumatur
402 592 437 657 in
460 597 550 658 reota
572 598 639 657 AB
662 594 774 657 datum
797 598 954 677 punctum
976 599 1025 677 Ν,
1050 598 1083 658 et

64 699 205 763 dueatur
227 698 268 762 ab
287 703 326 763 N
344 700 385 763 ad
409 701 470 763 ΓΛ
492 699 766 784 perpendicularis
789 705 878 764 reeta
900 699 985 763 linea
1003 704 1088 764 NM

63 808 99 869 et
127 805 284 869 educatur
311 805 351 868 ad
382 809 420 869 A.
476 805 630 889 quoniam
663 827 682 868 a
714 805 790 869 dato
822 809 943 889 puncto
976 809 1015 869 N
1042 806 1083 868 ad

280 971 312 1019 H
346 967 374 1018 Δ
601 914 723 974 rectam
768 910 932 995 positione
974 911 1082 975 datam

10 1082 13 1087 .
76 995 106 1050 Θ
511 997 543 1047 K
600 1018 662 1080 ΓΛ
688 1021 777 1080 reeta
803 1017 890 1081 linea
913 1018 1010 1082 ducta
1032 1021 1082 1082 est

10 1106 18 1131 ³
64 1027 537 1392 Afffl
598 1126 637 1186 N
638 1127 681 1186 M
696 1122 808 1186 datum
824 1123 968 1188 efficiens
982 1145 1083 1209 angu-

17 1230 20 1235 '
597 1227 666 1291 lum
682 1232 721 1292 N
722 1232 807 1313 MA,
824 1229 986 1315 positione
1007 1231 1083 1293 data

66 1364 97 1415 p
511 1357 541 1413 Α
599 1333 661 1397 erit
690 1337 810 1399 ANM
837 1339 939 1420 [prop.
965 1335 1080 1418 XXX].

200 1404 223 1453 Z
339 1402 381 1454 M
599 1441 653 1504 sed
689 1441 852 1523 positione
888 1441 987 1505 etiam
1020 1445 1081 1507 ΓΛ

60 1546 141 1611 data
163 1545 221 1610 est.
268 1566 347 1631 ergo
369 1549 527 1629 punctum
550 1549 595 1609 M
617 1547 728 1609 datum
757 1551 806 1610 est
835 1547 937 1630 [prop.
962 1547 1079 1631 XXV]

60 1674 179 1716 uerum
198 1651 298 1716 etiam
315 1657 355 1716 N
373 1652 485 1716 datum
503 1657 561 1715 est.
598 1652 707 1735 itaque
727 1656 815 1715 reeta
833 1657 873 1716 N
873 1656 918 1716 M
936 1653 1011 1716 data
1030 1657 1080 1717 est

62 1758 170 1843 [prop.
190 1756 324 1840 XXVXJ.
370 1762 404 1822 et
430 1758 584 1842 quoniam
616 1759 701 1822 ratio
731 1761 795 1821 ZE
808 1780 815 1820 :
830 1761 905 1822 ΕΗ
927 1758 1003 1821 data
1030 1763 1080 1823 est

60 1869 97 1929 et
116 1868 514 1929 ZE:EH=NM:NA
534 1863 604 1948 [VL
618 1864 667 1948 2],
691 1864 789 1929 otiam
807 1864 891 1927 ratio
907 1868 990 1928 MN
996 1868 1081 1929 :NA

59 1971 139 2034 data
163 1969 225 2034 orit
249 1970 324 2054 [def.
344 1969 388 2054 2].
426 1970 481 2034 sed
501 1971 575 2034 data
594 1974 644 2035 est
667 1975 706 2035 N
707 1974 753 2034 M.
791 1992 869 2056 ergo
893 1969 991 2035 etiam
1012 1976 1080 2036 NA

58 2077 139 2140 data
163 2080 214 2140 est
235 2075 340 2160 [prop.
359 2074 415 2158 11].
462 2097 575 2139 uerum
603 2075 701 2139 etiam
728 2076 890 2160 positione
920 2076 995 2140 data
1020 2084 1078 2143 est.

57 2187 96 2248 et
117 2182 232 2247 datum
254 2186 305 2245 est
326 2186 485 2266 punctum
508 2186 550 2246 N.
587 2181 697 2266 itaque
719 2182 817 2246 etiam
840 2187 871 2246 A
894 2184 1006 2248 datum
1029 2191 1079 2249 est

56 2289 169 2374 [prop.
188 2286 338 2371 XXVII]
383 2288 450 2352 iam
474 2287 628 2370 quoniam
650 2310 709 2372 per
731 2289 843 2353 datum
865 2294 1023 2373 punotum
1047 2295 1078 2355 A

55 2398 170 2460 reatae
193 2393 355 2477 positione
379 2394 472 2457 datae
495 2396 561 2457 AB
586 2393 741 2477 parallelo
763 2398 852 2458 reeta
873 2395 960 2459 linea
982 2397 1079 2460 dueta

54 2505 111 2567 est
138 2502 217 2584 ΘΚ,
247 2502 316 2563 ΘΚ
334 2499 497 2583 positione
521 2499 596 2562 data
619 2499 680 2562 erit
704 2500 808 2584 [prop.
827 2499 992 2583 XXVIffl.

498 2692 647 2757 XXXIX.

129 2815 167 2881 Si
179 2817 336 2903 trianguli
349 2818 600 2900 unumquodque
614 2817 753 2881 laterum
768 2817 879 2880 datum
889 2822 938 2881 est
952 2820 1077 2905 magni·

51 2923 186 3007 tudine,
211 2923 394 3009 triangulus
419 2922 513 2987 datus
537 2927 588 2988 est
611 2923 725 3007 speeie.

125 3049 205 3092 nam
222 3027 378 3114 trianguli
397 3031 502 3093 ΑΒΓ
526 3030 777 3111 unumquodque
802 3029 941 3095 laterum
965 3033 1076 3097 datum

54 3136 104 3202 sit
122 3134 355 3219 magnitudine.
403 3134 484 3219 dieo,
506 3134 708 3220 triangulum
732 3136 843 3200 datum
867 3159 936 3202 esse
960 3141 1075 3223 speeie.

93 3331 137 3380 14.
160 3325 315 3395 Hamis
330 3325 428 3379 Vaab.
489 3330 529 3379 15.
555 3327 637 3397 MN]
658 3328 771 3381 NMP.
824 3330 1073 3399 renuunt.

93 3392 504 3467 17.5ml-18.A]0m.b.
586 3402 628 3450 21.
648 3397 712 3470 W]
732 3399 761 3468 μ’
781 3398 811 3452 b.
897 3398 1090 3466 Touthoa.

55 3466 88 3522 τό
107 3484 133 3521 v.
209 3472 252 3520 26.
272 3465 352 3538 εἴδει]
372 3483 438 3522 oorr.
459 3484 493 3522 ex
512 3466 573 3540 eloe]
592 3487 629 3525 m.
646 3475 704 3526 2v.

907 3557 946 3611 b*
