2356 3818
125 130 190 193 218
537 132 726 183 APPENDIX.

126 275 266 338 δοθεῖσα
298 274 362 358 ἄρα
393 271 449 336 καί
481 272 502 354 ἡ
529 278 577 337 Μ.
623 276 692 338 ἔστι
724 269 762 338 δὲ
788 270 845 338 καὶ
871 273 892 356 ἡ
922 276 954 336 Λ
986 273 1135 338 δοθεῖσα·

125 382 224 460 λόγος
246 381 310 463 ἄρα
333 389 390 462 τῆς
414 384 445 443 Λ
472 381 555 464 πρὸς
577 381 638 463 τὴν
661 384 706 444 Μ
727 380 851 455 δοθείς.
897 377 955 443 καὶ
979 376 1050 444 ἐπεὶ
1072 380 1135 443 ίσο

126 486 250 568 γώνιόν
274 485 342 550 ἐστι
364 487 401 550 τὸ
426 492 458 549 Α
480 495 526 573 τῷ
550 491 589 569 Β,
614 487 652 550 τὸ
675 492 708 550 Α
730 487 795 572 ἄρα
817 487 902 571 πρὸς
924 485 963 549 τὸ
988 489 1016 549 Β
1040 487 1134 567 λόγον

126 594 191 676 ἔχει
218 593 278 655 τὸν
305 595 520 676 συγκείμενον
549 589 584 656 ἐκ
610 603 678 656 τῶν
705 597 873 678 πλευρῶν,
905 589 1081 657 τουτέστιν
1105 589 1132 668 έξ

91 707 107 755 ὅ
126 693 167 762 οὗ
191 697 230 762 ὃν
253 700 318 780 ἔχει
336 699 438 780 λόγον
456 698 476 782 ἡ
497 701 558 762 ΓΔ
580 698 663 783 πρὸς
681 699 742 781 τὴν
760 701 834 780 ΕΖ,
856 694 912 761 καὶ
930 697 952 781 ἡ
974 701 1042 763 ΘΓ
1060 698 1133 783 πρὸς

125 804 186 886 τὴν
209 807 287 867 ΗΕ.
334 802 418 867 ἀλλὰ
440 804 506 886 μὴν
528 801 584 867 καὶ
607 803 627 887 ἡ
650 805 686 866 Κ
705 804 788 889 πρὸς
809 804 871 885 τὴν
894 807 926 867 Λ
950 806 1054 885 λόγον
1076 805 1130 887 ἔχει

125 910 185 973 τὸν
208 912 424 994 συγκείμενον
448 909 483 974 ἐκ
507 918 566 974 τοῦ
590 909 629 974 δν
653 911 718 992 ἔχει
740 909 761 992 ἡ
780 912 816 973 Κ
835 911 918 996 πρὸς
940 911 1003 993 τὴν
1022 914 1068 975 Μ
1084 907 1129 974 καί

125 1015 146 1098 ἡ
173 1020 218 1079 Μ
239 1016 322 1101 πρὸς
348 1016 410 1098 τὴν
433 1019 477 1079 Λ·
510 1015 528 1080 δ
556 1017 621 1102 ἄρα
648 1018 861 1099 συγκείμενος
888 1018 987 1097 λόγος
1016 1015 1052 1080 ἐκ
1077 1022 1128 1080 τοῦ

126 1120 166 1185 ὃν
189 1124 254 1204 ἔχει
276 1120 297 1203 ἡ
322 1124 383 1185 ΓΛ
406 1122 489 1208 πρὸς
511 1123 572 1205 τὴν
590 1125 653 1185 ΕΖ
676 1120 732 1186 καὶ
754 1121 775 1204 ἡ
800 1123 868 1185 ΘΓ
884 1123 969 1207 πρὸς
989 1123 1053 1205 τὴν
1069 1124 1130 1185 ΗΕ

75 1234 108 1283 10
127 1227 144 1292 ὁ
168 1228 267 1303 αὐτός
290 1226 358 1292 ἐστι
381 1238 427 1316 τῷ
451 1226 652 1314 συγκειμένῳ
682 1226 714 1304 ἐξ
743 1223 784 1292 οὗ
807 1226 847 1291 δν
870 1229 936 1310 ἔχει
959 1228 979 1312 ἡ
1003 1230 1039 1290 Κ
1056 1226 1127 1312 πρὸς

127 1333 187 1415 τὴν
210 1337 255 1396 Μ
271 1331 327 1396 καὶ
349 1333 370 1416 ἡ
389 1338 434 1398 Μ
450 1335 533 1418 πρὸς
555 1335 616 1417 τὴν
635 1338 681 1416 Λ,
705 1328 789 1399 ὦνὸ
813 1342 871 1417 τῆς
890 1336 952 1398 ΓΔ
973 1334 1056 1419 πρὸς
1076 1333 1125 1414 τὴν

126 1442 190 1507 ΕΖ
213 1441 311 1521 λόγος
334 1439 351 1504 ὁ
375 1440 475 1514 αὐτός
498 1440 567 1504 ἐστι
589 1449 635 1528 τῷ
659 1448 717 1524 τῆς
735 1443 771 1503 Κ
789 1440 872 1525 πρὸς
894 1440 957 1522 τὴν
975 1443 1018 1503 Μ
1037 1440 1124 1523 λόγῳ·

127 1546 241 1620 λοιπὸς
268 1547 332 1631 ἄρα
360 1545 377 1610 ὁ
405 1555 463 1628 τῆς
488 1549 555 1610 ΘΓ
579 1547 663 1632 πρὸς
689 1547 751 1628 τὴν
773 1549 845 1609 ΗΕ
874 1547 974 1626 λόγος
998 1544 1016 1609 ό
1039 1543 1123 1616 αὐτός

127 1651 196 1716 ἐστι
218 1660 264 1738 τῷ
287 1660 345 1734 τῆς
368 1656 413 1715 Μ
434 1653 517 1737 πρὸς
539 1653 601 1735 τὴν
625 1656 664 1716 Λ.
710 1660 768 1736 τῆς
790 1647 828 1715 δὲ
850 1655 896 1715 Μ
917 1651 1001 1736 πρὸς
1023 1650 1122 1732 τὴνΛ

75 1762 108 1812 15
127 1759 225 1840 λόγος
247 1757 374 1832 δοθείς·
407 1760 505 1840 λόγος
528 1759 592 1842 ἄρα
618 1755 755 1841 καὶτῆς
780 1759 848 1821 ΘΓ
869 1757 953 1840 πρὸς
979 1757 1039 1840 τὴν
1064 1754 1124 1818 ΕΗ

127 1864 249 1939 δοθείς.

608 1971 660 2033 17.

473 2076 526 2140 Ad
548 2099 639 2159 prop.
662 2073 793 2139 LXXX.

551 2197 706 2276 ’Ἁλλως

75 2328 109 2377 20
183 2318 291 2385 Ἔστω
320 2325 484 2407 τρίγωνον
511 2324 548 2388 τὸ
572 2326 678 2387 ΑΒΓ
704 2319 887 2406 δεδομένην
914 2323 992 2404 ἔχον
1013 2321 1122 2403 γωνίαν

127 2428 189 2510 τὴν
211 2428 293 2513 πρὸς
316 2439 360 2516 τῷ
381 2436 422 2513 A,
445 2432 544 2511 λόγος
566 2425 603 2493 δὲ
626 2431 708 2493 έστω
731 2436 792 2492 τοῦ
814 2426 879 2492 ὑπὸ
898 2436 966 2491 τῶν
985 2430 1056 2504 ΒΑ,
1070 2421 1126 2488 ΑΓ

127 2535 210 2620 πρὸς
236 2535 273 2598 τὸ
301 2533 364 2599 ἀπὸ
393 2544 451 2619 τῆς
474 2538 535 2599 ΓΒ
562 2534 691 2609 δοθείς·
728 2531 828 2617 λέγω,
860 2533 911 2598 ότι
940 2531 1070 2597 δέδοται
1092 2526 1122 2591 τὸ

127 2644 234 2705 ΑΒΓ
249 2644 414 2725 τρίγωνον
436 2650 482 2727 τῷ
506 2640 595 2704 είδει.

194 2745 263 2811 ἐπεὶ
290 2748 352 2833 γὰρ
381 2745 520 2811 δοδεῑσοί
548 2745 638 2810 ἐστιν
666 2745 686 2828 ἡ
714 2744 779 2809 ὑπὸ
804 2754 872 2808 τῶν
894 2747 958 2808 BA
965 2747 997 2808 Γ
1024 2743 1124 2825 γωνία,

75 2846 155 2941 2593
187 2854 251 2938 ἄρα
278 2854 387 2935 μεῖζόν
415 2851 483 2916 ἐστι
511 2851 547 2915 τὸ
576 2849 640 2915 ἀπὸ
673 2847 928 2935 συναμφοτέρου
959 2858 1018 2933 τῆς
1044 2844 1129 2913 ΒΑΓ

126 2966 186 3022 τοῦ
214 2955 277 3021 ἀπὸ
306 2960 382 3040 ΒΓ,
415 2956 520 3022 ἐκεῖνο
550 2958 587 3021 τὸ
615 2959 739 3041 χωρίον
766 2956 849 3041 πρὸς
876 2957 913 3019 τὸ
942 2959 1045 3020 ΒΑΓ
1067 2952 1125 3037 τρί-

127 3085 237 3146 γωνον
270 3065 370 3144 λόγον
402 3065 466 3145 ἔχει
498 3061 687 3146 δεδομένον.
741 3054 767 3149 ᾧ
794 3062 837 3144 δή
865 3059 935 3125 ἐστι
962 3063 1071 3145 μεῖζον
1094 3056 1125 3121 τὸ

200 3260 223 3308 1.
244 3253 317 3308 ἔστιν
336 3271 361 3306 v.
439 3258 464 3306 2.
483 3254 519 3324 Λ]
540 3258 588 3307 ΓΛ
606 3253 633 3307 b.
707 3249 783 3324 ἐκεί]
802 3269 855 3306 om.
875 3253 902 3307 b.
984 3257 1010 3306 3.
1029 3245 1126 3320 ΑΜ]

127 3342 180 3380 om.
200 3325 278 3392 Κείς
297 3326 328 3381 τὸ
348 3323 404 3390 ἄρα
422 3328 444 3377 Α
463 3342 498 3377 m.
519 3331 542 3379 2.
629 3329 654 3378 4.
673 3323 885 3394 τῶνπλευρῶν]
903 3330 954 3393 τῆς
972 3317 1126 3390 αλεορᾰςλ).

162 3401 186 3451 5.
207 3392 252 3469 οὗ]
272 3395 305 3452 ὃν
323 3396 350 3465 b,
376 3411 459 3464 supra
478 3411 545 3449 corr.
565 3412 600 3447 m.
622 3400 645 3448 1.
721 3394 817 3466 λόγον]
837 3410 890 3448 om.
909 3411 936 3448 v.
1020 3400 1044 3448 6.
1064 3387 1126 3458 ΗΕ]

126 3469 189 3521 ΕΗ
199 3467 319 3523 νυκτὶ).
371 3463 551 3537 συγκείμενον
567 3464 623 3535 ἔχει
633 3464 717 3534 λόγον
733 3468 796 3535 (om.
806 3463 865 3534 τόν)
880 3465 908 3519 b.
962 3469 986 3519 7.
1001 3464 1019 3534 ἡ
1034 3463 1126 3519 11-9.
