2356 3818
68 111 132 175 164
470 112 673 165 ΔεΔοΜωαΑ.

66 256 164 338 λοιπὴ
183 266 251 318 τῶν
269 253 302 332 ἐξ
322 254 423 338 ἀρχῆς
437 254 608 339 τεσσάρων
626 255 770 320 εὐθειῶν
789 257 893 336 λόγον
908 256 973 338 ἔχει
987 253 1064 317 διδο·
1163 336 1170 343 ι

66 358 177 444 μένον,
198 360 363 442 ἀνάλογον
379 363 554 443 γίγνεσθαι
572 361 631 437 τάς
644 359 805 462 τέσσαρας
819 360 963 441 εὐθείας,
981 361 1065 438 ἔσται,
1165 350 1177 381 ³

69 467 113 541 ὡς
136 465 156 548 ἡ
180 466 316 551 τετάρτη
340 467 424 552 πρὸς
446 468 507 549 τὴν
529 469 655 552 τρίτην,
679 466 785 542 οὕτως
803 465 824 548 ἡ
844 463 984 551 δευτέρα
998 465 1066 550 πρὸς

68 571 111 654 ἣν
134 571 154 654 ἡ
178 573 292 657 πρώτη
316 575 417 653 λόγον
440 574 505 654 ἔχει
529 569 718 655 δεδομένον.
1009 627 1013 637 .

33 690 49 738 5
135 681 282 742 ἔστωσαν
310 676 466 763 τέσσαρες
499 677 627 742 εὐθεῖαι
655 678 693 741 αί
717 684 765 760 A,
783 681 827 760 Β,
853 679 895 760 Γ,
914 675 1078 751 Δολλτως
1167 756 1175 773 ψ

69 786 203 867 ἔχουσαι
222 784 305 867 πρὸς
324 782 478 865 ἀλλήλας,
498 783 580 846 ὥστε
594 793 698 867 τριῶν
712 788 908 867 ληφθεισῶν
927 781 959 860 ἐξ
973 783 1085 847 αὐτῶν
1170 776 1177 782 ”

69 889 258 969 ὁποιωνοῦν
285 898 353 952 τῶν
382 894 424 970 A,
449 893 487 970 Β,
512 891 544 952 Γ
570 886 626 953 καί
653 889 808 973 τετάρτης
840 889 956 965 αὐταῖς
980 902 1101 973 τρασ-

69 998 255 1079 ληφθείσης
277 1003 335 1076 τῆς
353 999 394 1076 Ε,
418 994 502 1078 πρὸς
525 993 567 1076 ἣν
590 993 610 1076 η
629 1000 663 1059 A
686 997 787 1077 λόγον
810 997 875 1078 ἔχει
894 991 1107 1078 δεδομένον,

70 1100 235 1180 ἀνάλογον
253 1094 339 1164 εἶναι
353 1101 412 1175 τὰς
427 1106 469 1183 Α,
485 1105 523 1183 Β,
539 1103 576 1184 Γ,
590 1106 622 1165 Ε
638 1101 785 1178 εὐθείας·
804 1099 900 1184 λέγω,
919 1102 970 1167 ότι
983 1100 1113 1173 ἐστίν,

18 1218 52 1265 10
71 1206 116 1280 ὡς
139 1204 159 1287 ἡ
184 1210 216 1267 A
238 1207 321 1291 πρὸς
344 1207 405 1288 την
429 1209 465 1288 Γ,
490 1206 595 1283 οὕτως
618 1205 638 1290 ἡ
662 1211 690 1270 Β
714 1209 798 1292 πρὸς
819 1207 863 1291 ἣν
885 1206 905 1291 ἡ
929 1213 961 1272 A
983 1209 1117 1288 mm

72 1312 139 1393 ἔχει
164 1309 353 1394 δεδομένον.
438 1329 440 1333 ’

138 1414 206 1480 ἐπεὶ
235 1418 298 1502 γάρ
323 1417 427 1501 ἐστιν,
456 1419 500 1494 ὡς
522 1418 542 1501 η
566 1425 599 1483 A
625 1419 708 1504 πρὸς
730 1422 791 1503 τὴν
814 1425 858 1503 Β,
886 1416 1027 1500 οὕτωςὴ
1068 1399 1136 1475 Ῑ

71 1523 155 1606 πρὸς
177 1524 238 1606 την
260 1528 300 1605 Ε,
326 1525 363 1588 τὸ
387 1525 451 1609 άρα
473 1524 539 1589 ὑπὸ
562 1535 630 1589 τῶν
652 1531 695 1608 A,
714 1531 746 1590 Ε
767 1531 841 1591 ίσον
865 1523 934 1590 ε’στλ
952 1534 995 1612 τῷ
1014 1522 1133 1588 ὑτίθ

71 1638 138 1691 τῶν
167 1632 210 1711 Β,
231 1631 266 1692 Γ.
319 1626 374 1692 καὶ
403 1627 471 1693 ἐπεὶ
499 1631 597 1711 λόγος
624 1628 692 1694 ἐστὶ
719 1639 777 1713 τῆς
802 1636 834 1695 Ε
859 1631 943 1715 πρὸς
968 1632 1024 1714 την
1043 1610 1137 1693 Λ

21 1745 53 1793 15
73 1733 202 1816 δοθείς,
232 1736 330 1816 λόγος
353 1736 417 1821 άρα
442 1733 511 1799 ἐστὶ
538 1733 676 1800 καὶτοῦ
699 1736 765 1800 ὑπὸ
788 1746 856 1802 τῶν
879 1743 926 1821 Α,
944 1743 976 1802 A
1002 1732 1147 1821 πρὸς

71 1838 109 1901 τὸ
132 1838 198 1903 ὑπὸ
221 1851 290 1903 τῶν
310 1847 352 1923 A,
371 1846 403 1905 E
425 1842 552 1917 δεθείς·
575 1850 620 1928 τῷ
645 1838 682 1905 δὲ
704 1841 769 1907 ὑπὸ
792 1854 861 1907 τῶν
883 1849 926 1926 Α,
945 1848 977 1908 Ε
996 1836 1150 1907 ἐστι’ν

5 1970 8 1975 ·
74 1949 148 2008 ίσον
171 1945 208 2008 τὸ
232 1945 297 2010 ὑπὸ
321 1956 389 2010 τῶν
414 1951 452 2029 Β,
472 1950 516 2010 Γ·
550 1949 648 2029 λόγος
676 1949 740 2032 άρα
768 1946 825 2012 καί
849 1958 910 2014 τοῦ
932 1948 997 2014 ὑπὸ
1017 1938 1157 2012 xvv

73 2056 116 2133 A,
135 2055 168 2113 A
190 2051 274 2135 πρὸς
297 2051 334 2115 τὸ
358 2051 423 2116 ὑπὸ
447 2061 515 2116 τῶν
537 2057 576 2134 Β,
596 2055 628 2116 Γ
647 2051 717 2118 ἐστι
740 2054 863 2130 δοθείς.
910 2057 1000 2119 ἔστιν
1020 2055 1094 2137 ἄρ
1108 2042 1163 2093 ‘²‘

74 2154 120 2230 ὡς
142 2154 162 2235 ἡ
187 2161 219 2218 A
242 2157 325 2239 πρὸς
348 2158 466 2239 τηνΓ,
491 2157 596 2235 οὕτως
619 2157 639 2241 η
664 2162 692 2223 Β
717 2160 800 2243 πρὸς
822 2158 866 2242 ἣν
887 2159 908 2242 ἡ
932 2167 965 2225 A
986 2146 1168 2241 Myffl'v

19 2271 55 2320 20
75 2262 139 2342 ἔχει
163 2259 351 2343 δεδομένον.
1027 2285 1034 2297 ’

545 2386 613 2451 τίδ’.

139 2505 215 2572 Ἐάν
234 2509 296 2572 δύο
316 2509 445 2573 εὐθεῖαι
465 2506 569 2575 δοθὲν
586 2513 711 2596 χωρίον
728 2510 926 2597 τεριόχωσιν
944 2512 981 2577 ἐν
994 2512 1168 2578 διδόν

74 2611 156 2699 μόνη
180 2617 295 2702 γωνίᾳ,
320 2613 340 2696 ἡ
364 2611 401 2678 δὲ
425 2612 518 2701 ἑτέρα
541 2625 599 2699 της
622 2614 734 2702 ἑτέρας
757 2618 896 2704 δοθείση
920 2620 1035 2704 μείζων
1049 2585 1160 2719 ᾖ]

73 2718 130 2784 καλ
153 2719 288 2807 ἑκατέρα
313 2721 425 2785 αὐτῶν
448 2724 539 2786 ἔσται
562 2722 710 2787 δοθεῖσα.

21 2835 56 2885 25
143 2826 206 2889 δύο
229 2827 292 2911 γάρ
317 2826 448 2890 εὐθεῖαι
470 2826 509 2891 αί
528 2832 610 2911 ΑΒ,
629 2831 696 2893 ΒΓ
719 2824 823 2893 δοθὲν
850 2833 976 2915 χωρίον
996 2850 1060 2913 περ
1070 2839 1140 2883 V

74 2928 238 3014 εχέτωσαν
256 2932 293 2994 τὸ
309 2937 341 2995 A
347 2934 380 2995 Γ
395 2931 432 2996 ἐν
451 2931 611 3018 δεδομένη
630 2937 735 3021 γωνίᾳ
752 2943 792 3019 τη
809 2934 876 3000 ὑπὸ
894 2946 963 3001 τῶν
976 2914 1125 3002 ABE

148 3124 171 3172 1.
192 3118 344 3192 τεσσάρων]
364 3139 417 3176 om.
437 3123 464 3176 b.
542 3129 566 3177 2.
586 3122 728 3194 ἀνάλογον
748 3157 780 3164 -
800 3131 825 3179 4.
845 3122 1010 3197 δεδομένον]
1026 3126 1104 3185 1¹¹8·

76 3205 129 3244 om.
150 3205 207 3242 acc.
226 3208 263 3244 m.
282 3195 296 3242 1
316 3191 346 3245 P.
420 3198 443 3248 2.
464 3191 595 3263 γίνεσθαι
613 3195 662 3250 vb.
738 3194 814 3250 ἔσται
828 3228 862 3238 -
876 3202 902 3251 4.
921 3178 1101 3265 δεδομένον]

75 3260 106 3315 αλ
129 3259 158 3324 ἐξ
177 3260 265 3331 ἀρχῆς
289 3263 401 3316 εὐθεῖαι
425 3262 512 3328 οὕτως
535 3264 628 3330 ἕξουσι
649 3267 720 3334 τιρδς
742 3266 862 3336 ἀλλήλας
887 3268 908 3321 b
935 3270 965 3322 et
985 3256 1090 3321 ᾶθὶιιᾶθ

74 3364 132 3419 rep.
151 3365 178 3417 p.
195 3354 254 3419 ιον,
270 3354 313 3403 τε.
333 3348 401 3404 ὥστε
416 3383 449 3391 -
463 3369 490 3421 p.
507 3359 566 3423 164,
584 3360 609 3408 ε.
630 3352 751 3417 effetae.
825 3360 850 3410 ε.
869 3353 995 3426 τετάρτη]
1011 3342 1028 3407 λ
1047 3342 1082 3399 P·
1171 3390 1177 3403 2

109 3435 218 3508 τρίτην]
236 3442 255 3508 γ
272 3437 307 3506 P,
326 3459 363 3492 -ι-
381 3439 412 3493 in
425 3456 478 3496 rae.
493 3448 559 3496 m.1
580 3460 605 3496 v.
662 3440 790 3515 δευτέρα]
809 3430 834 3515 Β
845 3443 876 3501 P.
935 3449 958 3499 ⁷.
975 3429 1087 3503 αόττιῐίλ·
1156 3487 1177 3521 ,ξ
