2356 3818
525 149 630 201 olm.
1045 147 1088 212 99
1106 198 1112 207 ,

63 291 101 352 el
125 287 246 352 similis
269 293 321 354 eol
343 296 376 353 A
397 291 522 375 figurae
545 295 582 354 B.
624 313 702 377 ergo
727 293 826 357 eliam
844 291 968 375 reliqua
985 292 1089 356 latera

62 395 107 458 ad
121 395 251 478 reliqua
265 395 368 460 latera
382 395 543 460 rationem
556 396 725 462 habebunt
739 399 849 462 datam
867 398 974 482 [prop.
983 397 1087 481 Lffl]

134 501 204 566 iam
226 524 268 566 ne
291 501 334 566 sil
358 502 473 566 similis
497 508 530 567 A
552 502 676 588 figurae
700 507 743 589 B,
771 507 804 567 εὴ
827 503 1029 568 describatur
1051 504 1088 567 in

63 612 159 672 recia
183 612 247 672 ΕΖ
275 608 398 695 figurae
421 614 453 672 A
476 607 593 672 similis
620 614 653 673 εὴ
677 609 828 674 similiter
849 609 959 694 posita
980 611 1087 694 figura

61 718 133 778 ΕΘ
153 712 227 799 [VL
241 714 306 798 18].
338 715 448 800 itaque
467 715 566 779 eliam
580 720 648 779 ΕΘ
666 717 742 780 dala
756 719 807 780 esi
821 715 928 798 speeie
949 713 1025 798 [def.
1040 714 1084 798 3}

62 841 187 883 uerum
215 819 313 883 eliam
336 824 365 884 B
393 821 468 884 dala
495 826 554 885 est.
607 843 706 905 quare
734 822 819 885 ratio
847 824 978 885 ΒιΕΘ
1010 820 1086 884 dala

61 925 178 1009 [prop.
196 924 326 1009 XLIX}
364 927 420 990 sed
437 927 523 999 ratio
543 931 571 990 B
587 950 593 990 :
609 932 641 990 A
664 928 740 991 data
763 931 819 991 est.
856 927 967 1009 itaque
987 925 1086 989 eliam

59 1029 157 1095 ratio
190 1036 249 1095 A:
268 1036 333 1095 ΕΘ
364 1032 440 1096 data
468 1036 519 1096 est
551 1032 658 1116 [prop.
682 1031 789 1116 VIII}
843 1037 876 1096 et
909 1036 941 1095 A
960 1062 995 1084 «ν
1014 1035 1089 1095 ΕΘ.
1149 1095 1152 1101 ,

58 1157 150 1222 ergo
170 1136 254 1200 ratio
270 1140 331 1201 ΓΛ
344 1161 351 1200 :
365 1143 429 1203 ΕΖ
448 1138 524 1204 data
538 1142 588 1202 esi
608 1139 681 1223 [per
695 1139 836 1223 priorem
849 1142 976 1221 partem
989 1136 1087 1202 huius

53 1241 188 1328 prop}
230 1244 341 1308 eadem
364 1244 402 1308 de
426 1266 523 1308 eausa
546 1244 646 1308 eliam
669 1244 869 1329 reliquorum
886 1244 1026 1309 laterum
1049 1244 1089 1307 ad

53 1348 199 1432 reliqua
220 1348 323 1412 latera
346 1349 429 1412 ralio
453 1349 529 1413 dala
553 1354 612 1413 esi.

550 1541 616 1606 LV.

136 1663 176 1728 Si
195 1664 337 1748 spatium
356 1666 462 1750 speeie
482 1670 515 1729 el
533 1665 759 1750 magnitudine
779 1665 890 1728 datum
908 1668 967 1747 est,
989 1664 1088 1727 eliam

52 1776 175 1838 latera
198 1770 267 1834 eius
291 1771 514 1856 magnitudine
537 1771 613 1834 daia
637 1774 741 1834 erunl.

81 1915 86 1921 ·
133 1875 181 1940 sit
206 1876 349 1959 epatium
372 1877 477 1960 specie
501 1881 534 1940 el
552 1875 780 1960 magnitudine
800 1875 912 1938 datum
926 1880 967 1938 A.
1007 1873 1088 1957 dioo,

52 1984 170 2051 eliam
193 1981 297 2046 latera
320 1981 389 2045 eius
414 1983 489 2046 data
513 2004 583 2046 esse
607 1980 843 2066 magnitudine.

624 2091 765 2172 ponatur
788 2087 874 2151 enim
896 2090 986 2150 recta
1004 2085 1089 2169 posi-

52 2177 325 2532 HOE
578 2194 666 2258 tione
700 2197 733 2256 et
762 2192 985 2277 magnitudine
1014 2193 1089 2256 data

578 2303 649 2383 ΒΓ,
673 2303 706 2363 el
725 2299 927 2364 describatur
944 2299 980 2361 in
1000 2301 1089 2362 reela

383 2321 511 2530 Ε
579 2408 651 2468 ΒΓ
688 2406 793 2489 spatio
835 2411 868 2468 A
908 2404 1014 2467 simile
1055 2407 1088 2466 εὴ

64 2545 107 2599 Ε
291 2547 318 2596 Z
367 2544 397 2596 B
496 2547 527 2595 Γ
579 2511 729 2575 similiter
763 2509 909 2594 positum
946 2509 1087 2592 spatium

577 2622 611 2680 A
637 2616 709 2701 [VL
731 2616 797 2700 18].
842 2615 952 2695 laque
975 2618 1009 2676 A
1036 2614 1088 2677 da·

52 2732 140 2790 bum
165 2725 216 2784 est
240 2722 345 2805 speeie
374 2720 449 2805 [def.
469 2721 514 2805 3].
561 2726 593 2785 ei
617 2722 771 2805 quoniam
793 2721 940 2783 inrecta
962 2717 1087 2802 magni-

52 2827 183 2897 tudine
212 2826 287 2889 daia
314 2829 383 2890 ΒΓ
405 2828 510 2913 figura
538 2828 646 2912 specie
675 2828 750 2891 dala
777 2824 939 2910 descripta
967 2828 1017 2888 est
1045 2830 1087 2907 A,

52 2942 94 3003 A
122 2932 226 2996 etiam
249 2933 473 3018 magnitudine
492 2933 648 3015 dalaeril
668 2934 773 3017 [prop.
792 2929 876 3014 LH].
914 2930 1086 2996 sedetiam

141 3124 174 3176 In
192 3124 238 3192 fig.
258 3124 319 3178 ood.
338 3124 357 3176 b
376 3129 408 3192 A,
422 3129 448 3177 A
465 3123 735 3193 parallelogramma
754 3124 827 3176 sunt.

924 3248 1083 3260 ...d-

100 3342 148 3391 22.
173 3336 218 3406 τε]
247 3353 299 3390 om.
323 3335 350 3389 b.
441 3334 472 3388 τό
492 3336 569 3406 [pr.)]
595 3350 663 3388 oorr.
688 3350 722 3388 ex
744 3338 782 3404 τῷ
804 3352 841 3388 m.
866 3340 882 3388 2
905 3351 931 3388 v,
1031 3329 1085 3400 δή]

61 3406 97 3462 δέ
119 3407 148 3460 b.
213 3406 250 3476 A]
268 3411 291 3460 A
309 3405 336 3461 b.
409 3411 450 3459 23.
469 3405 538 3458 Posi
557 3404 627 3459 εἴδει
645 3404 711 3458 add.
731 3401 845 3459 δέδοται
863 3403 920 3472 ἄρα
938 3401 988 3457 καὶ
1009 3399 1040 3454 τὸ
1059 3404 1086 3453 Δ

61 3483 104 3550 τῷ
125 3475 197 3530 εἴδει
219 3475 246 3531 b.
318 3480 355 3548 τῷ
373 3473 499 3546 μεγέθει]
524 3491 576 3528 om.
597 3475 641 3531 b„
698 3479 741 3529 25.
760 3473 808 3547 (111
824 3491 881 3530 om.
896 3473 930 3528 li.
1058 3532 1062 3539 .

899 3560 939 3616 Ὶὶ
