2356 3818
349 164 531 216 srrrrmx
550 164 793 216 εοΗοτιοαυα.
1008 161 1074 227 325

62 318 120 391 τῆς
142 309 224 394 πρὸς
247 316 292 395 τῷ
310 312 344 370 Λ
365 309 469 391 μόνης
492 307 668 371 διπλάσιόν
690 305 787 371 ἐστιν.
825 312 893 371 λ’σαι
916 303 953 371 δὲ
976 306 1074 392 άλλη-

63 422 136 491 λαις
159 413 222 479 εἰσὶ
244 413 393 477 κάκεῖναι
419 412 475 477 διά
498 414 534 477 τὸ
559 418 635 496 ῖσην
658 407 743 477 εἶναι
770 414 831 496 τὴν
852 418 918 476 ΑΛ
946 424 984 498 τῇ
1010 417 1079 478 ΑΓ

62 519 117 587 καὶ
142 516 306 596 ἰσοσκελὲς
328 519 531 585 καθεστάναι
553 521 589 584 τὸ
613 523 786 605 τρίγωνον.

298 733 351 798 Ad
372 755 463 817 prop.
486 731 562 797 LIV
586 733 759 796 demonstr.
784 732 838 796 alt.

134 870 184 932 11.
206 865 383 931 Ἐκκείσθω
399 869 538 932 δοθεῖσα
551 869 667 951 μ202,
683 866 738 950 12]
758 876 803 954 τῷ
822 866 968 950 μεγέθει·
987 866 1074 931 οὕτω
1112 879 1128 928 5

63 975 127 1060 γάρ
152 971 202 1037 άεὶ
225 973 385 1057 λαμβάνει
408 973 570 1059 άοριστῶς
592 972 707 1056 λέγων.

134 1100 184 1162 12.
202 1095 318 1162 Ἔστιν
337 1098 401 1183 άρα
420 1097 465 1173 ὡς
482 1099 519 1162 τὸ
534 1103 567 1160 A
585 1098 668 1183 πρὸς
686 1099 723 1162 τὸ
743 1101 771 1161 Β
789 1122 820 1182 p.
835 1099 909 1182 202,
924 1095 980 1185 21]
1000 1096 1076 1182 ἐμά-

63 1212 172 1288 θομεν
194 1204 273 1289 γάρ,
299 1203 359 1286 ὅτι,
383 1201 442 1267 ἐάν
464 1201 623 1285 τέσσαρες
641 1203 770 1268 εὐθεῖαι
794 1203 960 1287 ἀνάλογον
983 1199 1076 1289 ὦσιν,

63 1310 120 1376 καὶ
147 1312 187 1374 τά
215 1309 270 1376 ἀπ’
297 1311 408 1375 αὐτῶν
435 1309 655 1396 εὐθύγραμμα
683 1310 780 1394 ὅμοιά
807 1333 842 1375 τε
873 1309 928 1375 καλ
955 1310 1077 1395 ὁμοίως

65 1416 338 1503 ἀναγεγραμμένα
362 1415 528 1498 άνάλογον
551 1419 651 1480 ἔσται.
1095 1430 1129 1478 10

135 1545 185 1608 13.
223 1540 290 1605 Καὶ
318 1542 355 1604 αἱ
380 1537 492 1605 λοιπαὶ
520 1541 584 1626 ἄρα
611 1543 754 1626 πλευραί
782 1563 812 1624 p.
838 1543 917 1627 204,
940 1540 975 1625 8]
1008 1539 1077 1606 ἐπεὶ

64 1652 163 1732 λόγος
186 1657 244 1731 τῆς
264 1650 324 1712 ΓΔ
346 1647 430 1732 πρὸς
452 1647 514 1728 τὴν
531 1650 596 1710 ΕΖ
619 1646 744 1729 δοθείς,
767 1649 835 1710 ἔστι
859 1643 895 1710 δὲ
914 1645 969 1711 καὶ
988 1649 1024 1712 τὸ
1045 1653 1078 1711 A

67 1756 185 1840 ὅμοιον
213 1763 259 1842 τῷ
285 1757 328 1836 Β,
361 1763 430 1817 τῶν
457 1749 494 1817 δὲ
521 1752 647 1837 ὁμοίων
674 1753 850 1837 σχημάτων
877 1754 914 1816 αἱ
937 1751 1078 1840 πλευραὶ

66 1862 233 1945 ἀνάλογόν
251 1862 346 1943 εἰσιν,
365 1861 448 1946 πρὸς
466 1859 505 1936 ἃς
523 1856 620 1926 αὗται
636 1860 802 1943 ἀνάλογόν
815 1861 911 1943 εἰσιν,
929 1859 1078 1925 κάκεῖναι

67 1967 243 2052 δεδομέναι
266 1970 407 2032 ἔσονται.
1096 1980 1130 2029 15

309 2178 363 2243 Ad
384 2201 476 2264 prop.
499 2179 558 2244 LV
582 2180 757 2245 demonstr.
781 2180 835 2244 alt.

136 2315 185 2379 14.
208 2311 353 2376 Δέδοται
372 2314 435 2398 άρα
455 2322 499 2400 τῷ
519 2314 599 2377 εῖδει
617 2337 647 2398 p.
662 2315 736 2397 204,
753 2312 808 2397 19]
828 2312 995 2397 ἐμάθομεν
1013 2314 1077 2400 γάρ

67 2419 104 2484 ἐν
126 2431 196 2495 τοῖς
220 2419 325 2505 ὅροις,
354 2419 405 2484 ὅτι
433 2419 654 2505 εὐθύγραμμα
678 2422 825 2504 σχήματα
852 2429 897 2506 τῷ
921 2421 1002 2484 εῖδει
1026 2421 1077 2484 δε-

66 2526 191 2592 δόσθαι
214 2525 353 2609 λέγεται,
376 2520 424 2591 ὧν
448 2526 485 2590 αἵ
505 2548 539 2590 τε
561 2529 680 2609 γωνίαι
697 2525 877 2610 ’δεδομέναι
900 2529 967 2591 εἰσί
986 2531 1054 2591 κτλ.

137 2650 187 2716 15.
218 2651 287 2714 Λιά
309 2650 350 2714 τά
373 2649 457 2713 αὐτά
480 2649 523 2730 δι]
544 2672 574 2733 p.
594 2651 670 2734 204,
689 2651 744 2729 24]
770 2650 814 2725 ὡς
837 2648 873 2713 ἐν
890 2658 936 2737 τῷ
956 2653 1076 2738 σχολίῳ
1096 2671 1131 2720 20

66 2767 127 2823 τοῦ
150 2757 216 2841 νβ’·
250 2757 313 2821 άτιὸ
342 2758 405 2842 γὰρ
434 2753 570 2838 ἑκάστης
597 2755 847 2841 ἀναγράφοντες
869 2757 1078 2842 τετράγωνον

67 2863 189 2948 ὁμοίως
212 2861 370 2947 δειξομεν.

67 3125 426 3252 P111.PVat.Ambr.S.
501 3125 591 3179 121³.
666 3129 748 3177 13.z.
823 3129 865 3179 14.
884 3124 973 3179 ΡΙτλ.
1034 3131 1075 3182 15.

111 3217 158 3252 τσ.
1130 3216 1133 3221 ’

66 3345 280 3355 -ι----.-.----

140 3454 164 3502 ὅ.
184 3447 259 3500 Ante
276 3451 313 3518 τῷ
332 3445 396 3499 hab.
417 3447 536 3500 δοθεῖσα
554 3445 649 3500 Ambr.
725 3443 842 3514 μεγέθει
858 3444 978 3511 δηλαδὴ
992 3444 1097 3492 mm.

104 3525 145 3574 14.
167 3519 237 3573 εἰσιν
250 3518 325 3590 (pr.)]
344 3516 452 3589 scripsi,
473 3514 504 3574 δι’
525 3537 550 3576 τ.
624 3523 671 3573 10.
692 3516 724 3572 αὶ
743 3512 961 3584 δεδομὲοαιῖ.
