<?xml version="1.0" encoding="UTF-8"?>
<!DOCTYPE html PUBLIC "-//W3C//DTD XHTML 1.0 Transitional//EN"
    "http://www.w3.org/TR/xhtml1/DTD/xhtml1-transitional.dtd">
<html xmlns="http://www.w3.org/1999/xhtml" xml:lang="en" lang="en">
 <head>
  <title>
</title>
<meta http-equiv="Content-Type" content="text/html;charset=utf-8" />
  <meta name='ocr-system' content='tesseract 3.04.00' />
  <meta name='ocr-capabilities' content='ocr_page ocr_carea ocr_par ocr_line ocrx_word'/>
</head>
<body>
  <div class='ocr_page' id='page_1' title='image "./euclidisoperaom09unkngoog_0258.png"; bbox 0 0 2356 3818; ppageno 0'>
   <div class='ocr_carea' id='block_1_1' title="bbox 524 102 1078 205">
    <p class='ocr_par' dir='ltr' id='par_1_1' title="bbox 524 102 1078 205">
     <span class='ocr_line' id='line_1_1' title="bbox 524 102 1078 205; baseline -0.005 -7"><span class='ocrx_word' id='word_1_1' title='bbox 524 148 630 201; x_wconf 74' lang='lat' dir='ltr'>nrm.</span> <span class='ocrx_word' id='word_1_2' title='bbox 971 102 975 109; x_wconf 42' lang='lat'>⁴</span> <span class='ocrx_word' id='word_1_3' title='bbox 1017 141 1078 205; x_wconf 85' lang='lat'>181</span> 
     </span>
    </p>
   </div>
   <div class='ocr_carea' id='block_1_2' title="bbox 69 289 1082 488">
    <p class='ocr_par' dir='ltr' id='par_1_2' title="bbox 69 289 1082 488">
     <span class='ocr_line' id='line_1_2' title="bbox 141 289 1082 375; baseline -0.011 -16"><span class='ocrx_word' id='word_1_4' title='bbox 141 317 219 360; x_wconf 87' lang='lat' dir='ltr'>nam</span> <span class='ocrx_word' id='word_1_5' title='bbox 241 293 328 358; x_wconf 84' lang='lat' dir='ltr'>intra</span> <span class='ocrx_word' id='word_1_6' title='bbox 352 291 507 358; x_wconf 86' lang='lat' dir='ltr'>circulum</span> <span class='ocrx_word' id='word_1_7' title='bbox 530 290 691 375; x_wconf 80' lang='lat' dir='ltr'><strong>positione</strong></span> <span class='ocrx_word' id='word_1_8' title='bbox 715 289 827 352; x_wconf 92' lang='lat' dir='ltr'>datum</span> <span class='ocrx_word' id='word_1_9' title='bbox 850 290 918 352; x_wconf 88' lang='grc' dir='ltr'>ΒΓ</span> <span class='ocrx_word' id='word_1_10' title='bbox 936 291 1082 351; x_wconf 90' lang='lat' dir='ltr'>sumatur</span> 
     </span>
     <span class='ocr_line' id='line_1_3' title="bbox 69 397 1082 488; baseline -0.011 -21"><span class='ocrx_word' id='word_1_11' title='bbox 69 405 232 488; x_wconf 88' lang='lat' dir='ltr'>punctum</span> <span class='ocrx_word' id='word_1_12' title='bbox 261 399 391 484; x_wconf 75' lang='lat' dir='ltr'>aliquod</span> <span class='ocrx_word' id='word_1_13' title='bbox 417 399 528 463; x_wconf 84' lang='lat' dir='ltr'>datum</span> <span class='ocrx_word' id='word_1_14' title='bbox 550 404 597 482; x_wconf 90' lang='lat' dir='ltr'>A,</span> <span class='ocrx_word' id='word_1_15' title='bbox 628 401 661 461; x_wconf 94' lang='lat' dir='ltr'>et</span> <span class='ocrx_word' id='word_1_16' title='bbox 688 418 745 481; x_wconf 91' lang='lat' dir='ltr'>per</span> <span class='ocrx_word' id='word_1_17' title='bbox 768 401 800 459; x_wconf 89' lang='lat' dir='ltr'><em>A</em></span> <span class='ocrx_word' id='word_1_18' title='bbox 832 397 967 459; x_wconf 87' lang='lat' dir='ltr'>ducatur</span> <span class='ocrx_word' id='word_1_19' title='bbox 994 397 1082 458; x_wconf 89' lang='lat' dir='ltr'>reeta</span> 
     </span>
    </p>
   </div>
   <div class='ocr_carea' id='block_1_3' title="bbox 71 504 1084 695">
    <p class='ocr_par' dir='ltr' id='par_1_3' title="bbox 71 504 1084 695">
     <span class='ocr_line' id='line_1_4' title="bbox 71 504 871 592; baseline -0.01 -20"><span class='ocrx_word' id='word_1_20' title='bbox 71 508 185 592; x_wconf 86' lang='lat' dir='ltr'>aliqua</span> <span class='ocrx_word' id='word_1_21' title='bbox 208 511 277 571; x_wconf 90' lang='grc' dir='ltr'>ΓΒ.</span> <span class='ocrx_word' id='word_1_22' title='bbox 323 504 414 590; x_wconf 86' lang='lat' dir='ltr'>dico,</span> <span class='ocrx_word' id='word_1_23' title='bbox 437 506 548 568; x_wconf 90' lang='lat' dir='ltr'>datum</span> <span class='ocrx_word' id='word_1_24' title='bbox 572 525 641 568; x_wconf 90' lang='lat' dir='ltr'>esse</span> <span class='ocrx_word' id='word_1_25' title='bbox 666 506 725 567; x_wconf 89' lang='grc' dir='ltr'>ΓΑ</span> <span class='ocrx_word' id='word_1_26' title='bbox 739 518 782 571; x_wconf 95' lang='grc'>&gt;&lt;</span> <span class='ocrx_word' id='word_1_27' title='bbox 796 508 829 567; x_wconf 99' lang='lat' dir='ltr'><em>A</em></span> <span class='ocrx_word' id='word_1_28' title='bbox 834 506 871 566; x_wconf 89' lang='grc' dir='ltr'>Β.</span> 
     </span>
     <span class='ocr_line' id='line_1_5' title="bbox 243 605 1084 695; baseline -0.011 -18"><span class='ocrx_word' id='word_1_29' title='bbox 243 675 250 695; x_wconf 81' lang='grc'>,</span> <span class='ocrx_word' id='word_1_30' title='bbox 363 622 365 625; x_wconf 83' lang='grc'><strong>’</strong></span> <span class='ocrx_word' id='word_1_31' title='bbox 498 615 644 674; x_wconf 75' lang='lat' dir='ltr'><strong>sumatur</strong></span> <span class='ocrx_word' id='word_1_32' title='bbox 658 609 743 672; x_wconf 88' lang='lat' dir='ltr'>enim</span> <span class='ocrx_word' id='word_1_33' title='bbox 759 612 903 673; x_wconf 90' lang='lat' dir='ltr'>centrum</span> <span class='ocrx_word' id='word_1_34' title='bbox 919 605 1030 671; x_wconf 87' lang='lat' dir='ltr'>circuli</span> <span class='ocrx_word' id='word_1_35' title='bbox 1041 610 1084 690; x_wconf 81' lang='lat' dir='ltr'>A,</span> 
     </span>
    </p>
   </div>
   <div class='ocr_carea' id='block_1_4' title="bbox 217 675 1085 1119">
    <p class='ocr_par' dir='ltr' id='par_1_4' title="bbox 217 675 1085 1119">
     <span class='ocr_line' id='line_1_6' title="bbox 217 675 1082 799; baseline -0.01 -17"><span class='ocrx_word' id='word_1_36' title='bbox 217 675 246 726; x_wconf 64' lang='lat' dir='ltr'><em>E</em></span> <span class='ocrx_word' id='word_1_37' title='bbox 449 720 481 780; x_wconf 91' lang='lat' dir='ltr'>et</span> <span class='ocrx_word' id='word_1_38' title='bbox 504 717 600 780; x_wconf 89' lang='lat' dir='ltr'>ducta</span> <span class='ocrx_word' id='word_1_39' title='bbox 623 721 688 779; x_wconf 87' lang='lat' dir='ltr'>AA</span> <span class='ocrx_word' id='word_1_40' title='bbox 710 715 906 799; x_wconf 76' lang='lat' dir='ltr'>producatur</span> <span class='ocrx_word' id='word_1_41' title='bbox 928 713 968 776; x_wconf 94' lang='lat' dir='ltr'>ad</span> <span class='ocrx_word' id='word_1_42' title='bbox 991 717 1027 795; x_wconf 89' lang='lat' dir='ltr'>Z,</span> <span class='ocrx_word' id='word_1_43' title='bbox 1045 715 1082 774; x_wconf 84' lang='lat' dir='ltr'>E.</span> 
     </span>
     <span class='ocr_line' id='line_1_7' title="bbox 447 821 1083 905; baseline -0.006 -21"><span class='ocrx_word' id='word_1_44' title='bbox 447 822 514 886; x_wconf 89' lang='lat' dir='ltr'>iam</span> <span class='ocrx_word' id='word_1_45' title='bbox 537 821 689 905; x_wconf 88' lang='lat' dir='ltr'>quoniam</span> <span class='ocrx_word' id='word_1_46' title='bbox 712 821 824 885; x_wconf 91' lang='lat' dir='ltr'>datum</span> <span class='ocrx_word' id='word_1_47' title='bbox 842 824 892 883; x_wconf 90' lang='lat' dir='ltr'>est</span> <span class='ocrx_word' id='word_1_48' title='bbox 910 823 1083 900; x_wconf 89' lang='lat' dir='ltr'>utrumque</span> 
     </span>
     <span class='ocr_line' id='line_1_8' title="bbox 448 925 1085 1013; baseline -0.011 -20"><span class='ocrx_word' id='word_1_49' title='bbox 448 935 495 1013; x_wconf 85' lang='lat' dir='ltr'>A,</span> <span class='ocrx_word' id='word_1_50' title='bbox 522 933 572 1013; x_wconf 90' lang='lat' dir='ltr'>A,</span> <span class='ocrx_word' id='word_1_51' title='bbox 610 927 671 991; x_wconf 91' lang='lat' dir='ltr'>erit</span> <span class='ocrx_word' id='word_1_52' title='bbox 706 933 777 991; x_wconf 87' lang='lat' dir='ltr'>AA</span> <span class='ocrx_word' id='word_1_53' title='bbox 812 925 972 1010; x_wconf 72' lang='lat' dir='ltr'>positione</span> <span class='ocrx_word' id='word_1_54' title='bbox 1009 925 1085 987; x_wconf 86' lang='lat' dir='ltr'>data</span> 
     </span>
     <span class='ocr_line' id='line_1_9' title="bbox 449 1030 1085 1119; baseline -0.008 -21"><span class='ocrx_word' id='word_1_55' title='bbox 449 1035 554 1119; x_wconf 85' lang='lat' dir='ltr'>[prop.</span> <span class='ocrx_word' id='word_1_56' title='bbox 581 1032 713 1117; x_wconf 85' lang='lat' dir='ltr'>XXVI]</span> <span class='ocrx_word' id='word_1_57' title='bbox 770 1055 882 1097; x_wconf 90' lang='lat' dir='ltr'>uerum</span> <span class='ocrx_word' id='word_1_58' title='bbox 906 1031 1004 1096; x_wconf 89' lang='lat' dir='ltr'>etiam</span> <span class='ocrx_word' id='word_1_59' title='bbox 1027 1030 1085 1094; x_wconf 91' lang='lat' dir='ltr'>cir-</span> 
     </span>
    </p>
   </div>
   <div class='ocr_carea' id='block_1_5' title="bbox 79 1139 1087 1864">
    <p class='ocr_par' dir='ltr' id='par_1_5' title="bbox 84 1139 1085 1244">
     <span class='ocr_line' id='line_1_10' title="bbox 84 1139 1085 1244; baseline -0.009 -35"><span class='ocrx_word' id='word_1_60' title='bbox 84 1191 112 1244; x_wconf 73' lang='lat'>,3</span> <span class='ocrx_word' id='word_1_61' title='bbox 354 1189 389 1242; x_wconf 68' lang='grc' dir='ltr'><em>Γ</em></span> <span class='ocrx_word' id='word_1_62' title='bbox 450 1141 540 1206; x_wconf 89' lang='lat' dir='ltr'>culus</span> <span class='ocrx_word' id='word_1_63' title='bbox 573 1144 676 1204; x_wconf 89' lang='grc' dir='ltr'>ΓΒΖ</span> <span class='ocrx_word' id='word_1_64' title='bbox 707 1139 868 1223; x_wconf 80' lang='lat' dir='ltr'>positione</span> <span class='ocrx_word' id='word_1_65' title='bbox 902 1139 996 1202; x_wconf 89' lang='lat' dir='ltr'>datus</span> <span class='ocrx_word' id='word_1_66' title='bbox 1028 1140 1085 1200; x_wconf 90' lang='lat' dir='ltr'>est.</span> 
     </span>
    </p>

    <p class='ocr_par' dir='ltr' id='par_1_6' title="bbox 129 1212 1087 1330">
     <span class='ocr_line' id='line_1_11' title="bbox 129 1212 1087 1330; baseline -0.008 -15"><span class='ocrx_word' id='word_1_67' title='bbox 129 1212 238 1315; x_wconf 59' lang='grc'>1</span> <span class='ocrx_word' id='word_1_68' title='bbox 449 1248 559 1330; x_wconf 89' lang='lat' dir='ltr'>itaque</span> <span class='ocrx_word' id='word_1_69' title='bbox 587 1250 757 1329; x_wconf 89' lang='lat' dir='ltr'>utrumque</span> <span class='ocrx_word' id='word_1_70' title='bbox 783 1250 823 1328; x_wconf 92' lang='lat' dir='ltr'>Z,</span> <span class='ocrx_word' id='word_1_71' title='bbox 841 1250 873 1309; x_wconf 84' lang='lat' dir='ltr'><em>E</em></span> <span class='ocrx_word' id='word_1_72' title='bbox 899 1245 1011 1309; x_wconf 91' lang='lat' dir='ltr'>datum</span> <span class='ocrx_word' id='word_1_73' title='bbox 1037 1247 1087 1307; x_wconf 91' lang='lat' dir='ltr'>est</span> 
     </span>
    </p>

    <p class='ocr_par' dir='ltr' id='par_1_7' title="bbox 226 1331 1087 1438">
     <span class='ocr_line' id='line_1_12' title="bbox 226 1331 1087 1438; baseline -0.007 -19"><span class='ocrx_word' id='word_1_74' title='bbox 226 1331 248 1380; x_wconf 74' lang='lat' dir='ltr'>Z</span> <span class='ocrx_word' id='word_1_75' title='bbox 451 1354 555 1438; x_wconf 86' lang='lat' dir='ltr'>[prop.</span> <span class='ocrx_word' id='word_1_76' title='bbox 565 1351 680 1434; x_wconf 62' lang='lat' dir='ltr'><strong>XXV]</strong></span> <span class='ocrx_word' id='word_1_77' title='bbox 699 1374 810 1416; x_wconf 91' lang='lat' dir='ltr'>uerum</span> <span class='ocrx_word' id='word_1_78' title='bbox 821 1351 919 1415; x_wconf 90' lang='lat' dir='ltr'>etiam</span> <span class='ocrx_word' id='word_1_79' title='bbox 930 1357 962 1415; x_wconf 90' lang='lat' dir='ltr'><em>A</em></span> <span class='ocrx_word' id='word_1_80' title='bbox 975 1352 1087 1414; x_wconf 89' lang='lat' dir='ltr'>datum</span> 
     </span>
    </p>

    <p class='ocr_par' dir='ltr' id='par_1_8' title="bbox 80 1455 1085 1545">
     <span class='ocr_line' id='line_1_13' title="bbox 80 1455 1085 1545; baseline -0.007 -19"><span class='ocrx_word' id='word_1_81' title='bbox 80 1467 137 1527; x_wconf 89' lang='lat' dir='ltr'>est.</span> <span class='ocrx_word' id='word_1_82' title='bbox 189 1483 286 1545; x_wconf 86' lang='lat' dir='ltr'>quare</span> <span class='ocrx_word' id='word_1_83' title='bbox 313 1465 450 1544; x_wconf 89' lang='lat' dir='ltr'>utraque</span> <span class='ocrx_word' id='word_1_84' title='bbox 475 1465 548 1544; x_wconf 91' lang='lat' dir='ltr'>ZA,</span> <span class='ocrx_word' id='word_1_85' title='bbox 568 1463 636 1524; x_wconf 85' lang='lat' dir='ltr'>AE</span> <span class='ocrx_word' id='word_1_86' title='bbox 657 1460 732 1523; x_wconf 86' lang='lat' dir='ltr'>data</span> <span class='ocrx_word' id='word_1_87' title='bbox 758 1463 807 1523; x_wconf 93' lang='lat' dir='ltr'>est</span> <span class='ocrx_word' id='word_1_88' title='bbox 831 1457 935 1542; x_wconf 86' lang='lat' dir='ltr'>[prop.</span> <span class='ocrx_word' id='word_1_89' title='bbox 954 1455 1085 1539; x_wconf 66' lang='lat' dir='ltr'>XXVI}</span> 
     </span>
    </p>

    <p class='ocr_par' dir='ltr' id='par_1_9' title="bbox 79 1563 1087 1652">
     <span class='ocr_line' id='line_1_14' title="bbox 79 1563 1087 1652; baseline -0.007 -20"><span class='ocrx_word' id='word_1_90' title='bbox 79 1569 191 1652; x_wconf 87' lang='lat' dir='ltr'>itaque</span> <span class='ocrx_word' id='word_1_91' title='bbox 225 1571 289 1630; x_wconf 89' lang='grc' dir='ltr'>ΖΑ</span> <span class='ocrx_word' id='word_1_92' title='bbox 308 1583 350 1634; x_wconf 96' lang='grc'>&gt;&lt;</span> <span class='ocrx_word' id='word_1_93' title='bbox 369 1570 438 1631; x_wconf 86' lang='grc' dir='ltr'>ΑΕ</span> <span class='ocrx_word' id='word_1_94' title='bbox 469 1566 580 1630; x_wconf 87' lang='lat' dir='ltr'>datum</span> <span class='ocrx_word' id='word_1_95' title='bbox 612 1570 662 1630; x_wconf 91' lang='lat' dir='ltr'>est</span> <span class='ocrx_word' id='word_1_96' title='bbox 700 1565 802 1648; x_wconf 88' lang='lat' dir='ltr'>[prop.</span> <span class='ocrx_word' id='word_1_97' title='bbox 829 1563 913 1646; x_wconf 74' lang='grc' dir='ltr'>ΗΠ.</span> <span class='ocrx_word' id='word_1_98' title='bbox 972 1567 1005 1627; x_wconf 90' lang='lat' dir='ltr'>et</span> <span class='ocrx_word' id='word_1_99' title='bbox 1037 1565 1087 1626; x_wconf 93' lang='lat' dir='ltr'>est</span> 
     </span>
    </p>

    <p class='ocr_par' dir='ltr' id='par_1_10' title="bbox 82 1669 1087 1864">
     <span class='ocr_line' id='line_1_15' title="bbox 83 1669 1087 1757; baseline -0.008 -19"><span class='ocrx_word' id='word_1_100' title='bbox 83 1678 143 1738; x_wconf 91' lang='grc' dir='ltr'>ΖΑ</span> <span class='ocrx_word' id='word_1_101' title='bbox 152 1689 196 1741; x_wconf 94' lang='grc'>&gt;&lt;</span> <span class='ocrx_word' id='word_1_102' title='bbox 207 1678 275 1737; x_wconf 86' lang='grc' dir='ltr'>ΑΕ</span> <span class='ocrx_word' id='word_1_103' title='bbox 283 1704 325 1725; x_wconf 98' lang='lat'>=</span> <span class='ocrx_word' id='word_1_104' title='bbox 336 1677 398 1737; x_wconf 88' lang='lat' dir='ltr'>BA</span> <span class='ocrx_word' id='word_1_105' title='bbox 408 1688 451 1741; x_wconf 94' lang='lat'>&gt;&lt;</span> <span class='ocrx_word' id='word_1_106' title='bbox 461 1674 527 1736; x_wconf 89' lang='grc' dir='ltr'>ΑΓ</span> <span class='ocrx_word' id='word_1_107' title='bbox 539 1670 688 1757; x_wconf 78' lang='lat' dir='ltr'>[11L35].</span> <span class='ocrx_word' id='word_1_108' title='bbox 712 1691 788 1755; x_wconf 92' lang='lat' dir='ltr'>ergo</span> <span class='ocrx_word' id='word_1_109' title='bbox 799 1669 898 1734; x_wconf 90' lang='lat' dir='ltr'>etiam</span> <span class='ocrx_word' id='word_1_110' title='bbox 908 1671 1087 1736; x_wconf 87' lang='grc' dir='ltr'><em>ΓΑ&gt;&lt;ΑΒ</em></span> 
     </span>
     <span class='ocr_line' id='line_1_16' title="bbox 82 1778 427 1864; baseline -0.006 -20"><span class='ocrx_word' id='word_1_111' title='bbox 82 1781 192 1844; x_wconf 86' lang='lat' dir='ltr'>datum</span> <span class='ocrx_word' id='word_1_112' title='bbox 216 1784 265 1843; x_wconf 94' lang='lat' dir='ltr'>est</span> <span class='ocrx_word' id='word_1_113' title='bbox 288 1778 427 1864; x_wconf 86' lang='lat' dir='ltr'>[def.1].</span> 
     </span>
    </p>
   </div>
   <div class='ocr_carea' id='block_1_6' title="bbox 527 1970 644 2036">
    <p class='ocr_par' dir='ltr' id='par_1_11' title="bbox 527 1970 644 2036">
     <span class='ocr_line' id='line_1_17' title="bbox 527 1970 644 2036; baseline 0 0"><span class='ocrx_word' id='word_1_114' title='bbox 527 1970 644 2036; x_wconf 83' lang='lat' dir='ltr'>XCIII.</span> 
     </span>
    </p>
   </div>
   <div class='ocr_carea' id='block_1_7' title="bbox 85 2093 1140 3241">
    <p class='ocr_par' dir='ltr' id='par_1_12' title="bbox 85 2093 1140 3135">
     <span class='ocr_line' id='line_1_18' title="bbox 149 2093 1089 2182; baseline -0.004 -20"><span class='ocrx_word' id='word_1_115' title='bbox 149 2096 185 2163; x_wconf 80' lang='lat' dir='ltr'>si</span> <span class='ocrx_word' id='word_1_116' title='bbox 218 2098 258 2162; x_wconf 89' lang='lat' dir='ltr'>ad</span> <span class='ocrx_word' id='word_1_117' title='bbox 290 2096 446 2162; x_wconf 87' lang='lat' dir='ltr'>circulum</span> <span class='ocrx_word' id='word_1_118' title='bbox 478 2096 700 2182; x_wconf 90' lang='lat' dir='ltr'>magnitudine</span> <span class='ocrx_word' id='word_1_119' title='bbox 737 2097 849 2160; x_wconf 92' lang='lat' dir='ltr'>datum</span> <span class='ocrx_word' id='word_1_120' title='bbox 884 2100 973 2159; x_wconf 89' lang='lat' dir='ltr'>recta</span> <span class='ocrx_word' id='word_1_121' title='bbox 1004 2093 1089 2158; x_wconf 83' lang='lat' dir='ltr'>lihea</span> 
     </span>
     <span class='ocr_line' id='line_1_19' title="bbox 86 2201 1089 2287; baseline -0.003 -20"><span class='ocrx_word' id='word_1_122' title='bbox 86 2204 214 2269; x_wconf 89' lang='lat' dir='ltr'>ducitur</span> <span class='ocrx_word' id='word_1_123' title='bbox 245 2202 435 2268; x_wconf 81' lang='lat' dir='ltr'>abscindens</span> <span class='ocrx_word' id='word_1_124' title='bbox 468 2206 670 2287; x_wconf 82' lang='lat' dir='ltr'>segmentum</span> <span class='ocrx_word' id='word_1_125' title='bbox 706 2204 818 2266; x_wconf 90' lang='lat' dir='ltr'>datum</span> <span class='ocrx_word' id='word_1_126' title='bbox 854 2201 1009 2287; x_wconf 89' lang='lat' dir='ltr'>angulum</span> <span class='ocrx_word' id='word_1_127' title='bbox 1040 2223 1089 2266; x_wconf 91' lang='lat' dir='ltr'>ca-</span> 
     </span>
     <span class='ocr_line' id='line_1_20' title="bbox 85 2307 1140 2394; baseline -0.004 -20"><span class='ocrx_word' id='word_1_128' title='bbox 85 2311 190 2394; x_wconf 88' lang='lat' dir='ltr'>piens,</span> <span class='ocrx_word' id='word_1_129' title='bbox 213 2313 246 2374; x_wconf 90' lang='lat' dir='ltr'>et</span> <span class='ocrx_word' id='word_1_130' title='bbox 268 2309 406 2394; x_wconf 89' lang='lat' dir='ltr'>angulus</span> <span class='ocrx_word' id='word_1_131' title='bbox 429 2309 465 2372; x_wconf 95' lang='lat' dir='ltr'>in</span> <span class='ocrx_word' id='word_1_132' title='bbox 486 2312 653 2393; x_wconf 86' lang='lat' dir='ltr'>segmento</span> <span class='ocrx_word' id='word_1_133' title='bbox 672 2308 798 2392; x_wconf 89' lang='lat' dir='ltr'>positus</span> <span class='ocrx_word' id='word_1_134' title='bbox 821 2307 856 2371; x_wconf 94' lang='lat' dir='ltr'>in</span> <span class='ocrx_word' id='word_1_135' title='bbox 879 2309 957 2372; x_wconf 89' lang='lat' dir='ltr'>duas</span> <span class='ocrx_word' id='word_1_136' title='bbox 981 2311 1088 2390; x_wconf 87' lang='lat' dir='ltr'>partes</span> <span class='ocrx_word' id='word_1_137' title='bbox 1138 2327 1140 2333; x_wconf 90' lang='lat'>·</span> 
     </span>
     <span class='ocr_line' id='line_1_21' title="bbox 87 2408 1090 2500; baseline -0.003 -20"><span class='ocrx_word' id='word_1_138' title='bbox 87 2415 236 2500; x_wconf 81' lang='lat' dir='ltr'>aequales</span> <span class='ocrx_word' id='word_1_139' title='bbox 264 2415 432 2498; x_wconf 87' lang='lat' dir='ltr'>diuiditur,</span> <span class='ocrx_word' id='word_1_140' title='bbox 461 2436 586 2478; x_wconf 89' lang='lat' dir='ltr'>summa</span> <span class='ocrx_word' id='word_1_141' title='bbox 613 2419 774 2479; x_wconf 87' lang='lat' dir='ltr'>rectarum</span> <span class='ocrx_word' id='word_1_142' title='bbox 801 2408 913 2477; x_wconf 90' lang='lat' dir='ltr'>datum</span> <span class='ocrx_word' id='word_1_143' title='bbox 935 2413 1090 2498; x_wconf 83' lang='lat' dir='ltr'>angulum</span> 
     </span>
     <span class='ocr_line' id='line_1_22' title="bbox 88 2518 1089 2606; baseline -0.005 -20"><span class='ocrx_word' id='word_1_144' title='bbox 88 2521 427 2605; x_wconf 82' lang='lat' dir='ltr'>comprehendentium</span> <span class='ocrx_word' id='word_1_145' title='bbox 451 2521 490 2584; x_wconf 91' lang='lat' dir='ltr'>ad</span> <span class='ocrx_word' id='word_1_146' title='bbox 512 2523 647 2606; x_wconf 86' lang='lat' dir='ltr'>rectam,</span> <span class='ocrx_word' id='word_1_147' title='bbox 673 2541 753 2603; x_wconf 89' lang='lat' dir='ltr'>quae</span> <span class='ocrx_word' id='word_1_148' title='bbox 777 2519 931 2604; x_wconf 74' lang='lat' dir='ltr'>angrlum</span> <span class='ocrx_word' id='word_1_149' title='bbox 953 2518 987 2581; x_wconf 95' lang='lat' dir='ltr'>in</span> <span class='ocrx_word' id='word_1_150' title='bbox 1010 2518 1089 2582; x_wconf 87' lang='lat' dir='ltr'>duas</span> 
     </span>
     <span class='ocr_line' id='line_1_23' title="bbox 86 2625 1091 2712; baseline -0.005 -21"><span class='ocrx_word' id='word_1_151' title='bbox 86 2631 195 2710; x_wconf 86' lang='lat' dir='ltr'>partes</span> <span class='ocrx_word' id='word_1_152' title='bbox 210 2627 358 2711; x_wconf 88' lang='lat' dir='ltr'>aequales</span> <span class='ocrx_word' id='word_1_153' title='bbox 369 2626 495 2712; x_wconf 91' lang='lat' dir='ltr'>diuidit,</span> <span class='ocrx_word' id='word_1_154' title='bbox 508 2626 668 2691; x_wconf 87' lang='lat' dir='ltr'>rationem</span> <span class='ocrx_word' id='word_1_155' title='bbox 681 2625 816 2690; x_wconf 89' lang='lat' dir='ltr'>habebit</span> <span class='ocrx_word' id='word_1_156' title='bbox 831 2626 949 2708; x_wconf 89' lang='lat' dir='ltr'>datam,</span> <span class='ocrx_word' id='word_1_157' title='bbox 967 2627 1000 2687; x_wconf 89' lang='lat' dir='ltr'>et</span> <span class='ocrx_word' id='word_1_158' title='bbox 1009 2627 1091 2688; x_wconf 88' lang='lat' dir='ltr'>reet-</span> 
     </span>
     <span class='ocr_line' id='line_1_24' title="bbox 86 2730 1089 2818; baseline -0.006 -21"><span class='ocrx_word' id='word_1_159' title='bbox 86 2732 242 2818; x_wconf 80' lang='lat' dir='ltr'>angulum</span> <span class='ocrx_word' id='word_1_160' title='bbox 260 2734 528 2818; x_wconf 89' lang='lat' dir='ltr'>comprehensum</span> <span class='ocrx_word' id='word_1_161' title='bbox 546 2755 672 2797; x_wconf 89' lang='lat' dir='ltr'>summa</span> <span class='ocrx_word' id='word_1_162' title='bbox 686 2736 848 2797; x_wconf 89' lang='lat' dir='ltr'>rectarum</span> <span class='ocrx_word' id='word_1_163' title='bbox 862 2730 973 2793; x_wconf 89' lang='lat' dir='ltr'>datum</span> <span class='ocrx_word' id='word_1_164' title='bbox 991 2750 1089 2814; x_wconf 85' lang='lat' dir='ltr'>angu-</span> 
     </span>
     <span class='ocr_line' id='line_1_25' title="bbox 86 2834 1090 2923; baseline -0.005 -21"><span class='ocrx_word' id='word_1_165' title='bbox 86 2838 154 2904; x_wconf 89' lang='lat' dir='ltr'>lum</span> <span class='ocrx_word' id='word_1_166' title='bbox 178 2839 515 2923; x_wconf 82' lang='lat' dir='ltr'>comprehendentium</span> <span class='ocrx_word' id='word_1_167' title='bbox 544 2843 577 2902; x_wconf 90' lang='lat' dir='ltr'>et</span> <span class='ocrx_word' id='word_1_168' title='bbox 599 2841 688 2903; x_wconf 87' lang='lat' dir='ltr'>recta</span> <span class='ocrx_word' id='word_1_169' title='bbox 709 2837 795 2900; x_wconf 90' lang='lat' dir='ltr'>infra</span> <span class='ocrx_word' id='word_1_170' title='bbox 823 2834 948 2900; x_wconf 88' lang='lat' dir='ltr'>abscisa</span> <span class='ocrx_word' id='word_1_171' title='bbox 975 2836 1015 2898; x_wconf 91' lang='lat' dir='ltr'>ab</span> <span class='ocrx_word' id='word_1_172' title='bbox 1043 2856 1090 2919; x_wconf 90' lang='lat' dir='ltr'>ea,</span> 
     </span>
     <span class='ocr_line' id='line_1_26' title="bbox 88 2942 1090 3030; baseline -0.002 -22"><span class='ocrx_word' id='word_1_173' title='bbox 88 2966 168 3028; x_wconf 86' lang='lat' dir='ltr'>quae</span> <span class='ocrx_word' id='word_1_174' title='bbox 196 2945 351 3030; x_wconf 74' lang='lat' dir='ltr'>angrlum</span> <span class='ocrx_word' id='word_1_175' title='bbox 378 2944 418 3008; x_wconf 86' lang='lat' dir='ltr'>ad</span> <span class='ocrx_word' id='word_1_176' title='bbox 446 2944 603 3008; x_wconf 87' lang='lat' dir='ltr'>ambitum</span> <span class='ocrx_word' id='word_1_177' title='bbox 635 2943 778 3028; x_wconf 89' lang='lat' dir='ltr'>positum</span> <span class='ocrx_word' id='word_1_178' title='bbox 809 2942 844 3006; x_wconf 93' lang='lat' dir='ltr'>in</span> <span class='ocrx_word' id='word_1_179' title='bbox 876 2942 955 3006; x_wconf 86' lang='lat' dir='ltr'>duas</span> <span class='ocrx_word' id='word_1_180' title='bbox 981 2945 1090 3026; x_wconf 86' lang='lat' dir='ltr'>partes</span> 
     </span>
     <span class='ocr_line' id='line_1_27' title="bbox 88 3049 619 3135; baseline -0.004 -20"><span class='ocrx_word' id='word_1_181' title='bbox 88 3050 237 3135; x_wconf 82' lang='lat' dir='ltr'>aequales</span> <span class='ocrx_word' id='word_1_182' title='bbox 261 3049 390 3133; x_wconf 89' lang='lat' dir='ltr'>diuidit,</span> <span class='ocrx_word' id='word_1_183' title='bbox 414 3051 525 3114; x_wconf 90' lang='lat' dir='ltr'>datum</span> <span class='ocrx_word' id='word_1_184' title='bbox 548 3050 619 3114; x_wconf 92' lang='lat' dir='ltr'>erit.</span> 
     </span>
    </p>

    <p class='ocr_par' dir='ltr' id='par_1_13' title="bbox 151 3155 1092 3241">
     <span class='ocr_line' id='line_1_28' title="bbox 151 3155 1092 3241; baseline -0.003 -20"><span class='ocrx_word' id='word_1_185' title='bbox 151 3179 229 3221; x_wconf 90' lang='lat' dir='ltr'>nam</span> <span class='ocrx_word' id='word_1_186' title='bbox 251 3156 291 3220; x_wconf 85' lang='lat' dir='ltr'>ad</span> <span class='ocrx_word' id='word_1_187' title='bbox 315 3156 471 3222; x_wconf 87' lang='lat' dir='ltr'>circulum</span> <span class='ocrx_word' id='word_1_188' title='bbox 498 3155 720 3241; x_wconf 81' lang='lat' dir='ltr'>magnitudine</span> <span class='ocrx_word' id='word_1_189' title='bbox 743 3156 854 3219; x_wconf 89' lang='lat' dir='ltr'>datum</span> <span class='ocrx_word' id='word_1_190' title='bbox 877 3156 983 3219; x_wconf 86' lang='grc' dir='ltr'>ΑΒΓ</span> <span class='ocrx_word' id='word_1_191' title='bbox 1003 3157 1092 3219; x_wconf 80' lang='lat' dir='ltr'>recto</span> 
     </span>
    </p>
   </div>
   <div class='ocr_carea' id='block_1_8' title="bbox 88 3314 1090 3325">
    <p class='ocr_par' dir='ltr' id='par_1_14' title="bbox 88 3314 1090 3325">
     <span class='ocr_line' id='line_1_29' title="bbox 88 3314 1090 3325; baseline -0.002 0"><span class='ocrx_word' id='word_1_192' title='bbox 88 3319 130 3325; x_wconf 78' lang='grc'>...-</span> <span class='ocrx_word' id='word_1_193' title='bbox 314 3319 473 3324; x_wconf 73' lang='grc'><em>.....--.-</em></span> <span class='ocrx_word' id='word_1_194' title='bbox 931 3314 1090 3323; x_wconf 82' lang='grc' dir='ltr'>-ι-</span> 
     </span>
    </p>
   </div>
   <div class='ocr_carea' id='block_1_9' title="bbox 89 3394 1116 3548">
    <p class='ocr_par' dir='ltr' id='par_1_15' title="bbox 89 3388 1116 3548">
     <span class='ocr_line' id='line_1_30' title="bbox 125 3394 1116 3535; baseline -0.001 -62"><span class='ocrx_word' id='word_1_195' title='bbox 125 3425 167 3474; x_wconf 73' lang='lat'>22.</span> <span class='ocrx_word' id='word_1_196' title='bbox 190 3418 258 3474; x_wconf 84' lang='lat' dir='ltr'>Post</span> <span class='ocrx_word' id='word_1_197' title='bbox 276 3416 440 3492; x_wconf 78' lang='grc' dir='ltr'><strong><em>περιφερείᾳ</em></strong></span> <span class='ocrx_word' id='word_1_198' title='bbox 459 3419 523 3474; x_wconf 92' lang='lat' dir='ltr'>add.</span> <span class='ocrx_word' id='word_1_199' title='bbox 542 3419 597 3472; x_wconf 80' lang='grc' dir='ltr'>ὑπὸ</span> <span class='ocrx_word' id='word_1_200' title='bbox 616 3425 664 3486; x_wconf 81' lang='grc' dir='ltr'>τῆς</span> <span class='ocrx_word' id='word_1_201' title='bbox 682 3414 845 3487; x_wconf 76' lang='grc' dir='ltr'><strong><em>διαχθείσης</em></strong></span> <span class='ocrx_word' id='word_1_202' title='bbox 863 3415 893 3469; x_wconf 92' lang='grc' dir='ltr'>Ρ.</span> <span class='ocrx_word' id='word_1_203' title='bbox 965 3419 1007 3470; x_wconf 76' lang='lat'>23.</span> <span class='ocrx_word' id='word_1_204' title='bbox 1026 3394 1116 3535; x_wconf 51' lang='lat' dir='ltr'>mid</span> 
     </span>
     <span class='ocr_line' id='line_1_31' title="bbox 89 3500 1101 3548; baseline 0.011 -3"><span class='ocrx_word' id='word_1_205' title='bbox 89 3507 140 3548; x_wconf 80' lang='lat' dir='ltr'>om.</span> <span class='ocrx_word' id='word_1_206' title='bbox 160 3507 185 3546; x_wconf 80' lang='lat' dir='ltr'>a.</span> <span class='ocrx_word' id='word_1_207' title='bbox 578 3505 590 3532; x_wconf 84' lang='lat'><em>⁰</em></span> <span class='ocrx_word' id='word_1_208' title='bbox 1062 3500 1101 3521; x_wconf 80' lang='grc'>“““</span> 
     </span>
    </p>
   </div>
   <div class='ocr_carea' id='block_1_10' title="bbox 0 0 1194 3818">
    <p class='ocr_par' dir='ltr' id='par_1_16' title="bbox 0 0 1194 3818">
     <span class='ocr_line' id='line_1_32' title="bbox 0 0 1194 3818; baseline 0 0"><span class='ocrx_word' id='word_1_209' title='bbox 0 0 1194 3818; x_wconf 95' lang='lat' dir='ltr'> </span> 
     </span>
    </p>
   </div>
  </div>
 </body>
</html>
