2356 3818
94 109 97 117 '
122 132 165 195 τη
525 135 729 186 Δειοιιεαι.

597 301 664 360 μα.

188 389 266 455 Ἐὰν
293 394 457 477 τρίγωνον
483 394 564 475 μιάν
592 394 648 475 ἔχη
678 394 805 473 γωνίαν
832 388 1036 475 δεδομένην,
1067 388 1134 476 περὶ

123 494 160 561 δὲ
187 499 248 581 τὴν
276 496 458 581 δεδομένην
486 500 612 580 γωνίαν
645 498 682 561 αί
706 496 846 582 πλευραὶ
877 498 964 583 πρὸς
996 496 1133 581 ἀλλήλας
1173 524 1175 555 ÷

123 607 224 686 λόγον
247 605 345 686 έχωσι
368 600 558 687 δεδομένον,
582 600 714 667 δέδοται
738 604 775 667 τὸ
798 604 966 688 τρίγωνον
984 613 1033 691 τῳ
1053 604 1132 669 είδει.
1173 600 1175 605 ’

86 726 102 772 5
190 707 287 793 έχέτω
316 709 379 795 γὰρ
408 712 573 795 τρίγωνον
595 710 632 772 τὸ
656 711 763 773 ΑΒΓ
783 711 863 793 μίαν
890 712 1021 792 γωνίαν
1050 710 1131 774 δεδο

122 814 226 901 μένην
248 817 309 900 τὴν
332 815 397 880 ὑπὸ
420 826 488 880 τῶν
506 818 611 898 ΒΑΓ,
634 813 709 901 περὶ
732 812 769 879 δὲ
792 816 854 899 τὴν
871 815 936 880 ὑπὸ
957 827 1028 882 τῶν
1048 816 1136 881 ΒΑΓ

123 924 160 987 αί
179 919 320 1005 πλευραὶ
343 923 380 985 αί
400 925 472 1005 ΒΑ,
492 926 524 984 Α
530 924 562 985 Γ
579 923 662 1006 πρὸς
685 920 827 1004 ἀλλήλας
850 924 952 1003 λόγον
976 920 1131 1007 ἐχέτωσαν

123 1026 316 1112 δεδομένον·
353 1025 453 1110 λέγω,
483 1028 532 1092 ὅτι
560 1028 597 1091 τὸ
622 1031 728 1091 ΑΒΓ
749 1030 914 1112 τρίγωνον
936 1026 1073 1093 δέδοται
1094 1034 1131 1114 τῷ

124 1136 213 1200 εἴδει.

72 1255 106 1302 10
194 1239 354 1304 ἐκκείσθω
381 1240 444 1325 γὰρ
477 1250 516 1325 τῇ
548 1238 642 1304 θέσει
669 1237 725 1304 καὶ
752 1249 798 1327 τῳ
821 1238 956 1323 μεγέθει
981 1240 1130 1327 δεδομένη

126 1347 242 1412 εὐθεῖα
265 1346 285 1429 η
308 1351 341 1409 Λ
348 1349 375 1408 Ζ
397 1343 453 1410 καὶ
476 1346 663 1410 συνεστάτω
687 1348 769 1432 πρὸς
792 1357 831 1433 τῇ
854 1354 887 1412 Λ
894 1352 921 1411 Ζ
945 1349 1066 1436 εὐθείᾳ
1086 1344 1131 1413 καὶ

126 1462 171 1540 τῷ
195 1454 277 1538 πρὸς
301 1451 383 1536 αὐτῇ
407 1454 529 1539 σημείῳ
552 1461 598 1538 τῳ
624 1456 650 1515 Ζ
673 1463 712 1537 τῇ
736 1453 801 1518 ὑπὸ
824 1464 892 1518 τῶν
915 1458 1019 1519 ΒΑΓ
1037 1456 1131 1538 γωνίᾳ

127 1565 181 1643 ἴση
204 1560 225 1642 ἡ
248 1559 313 1624 ὑπὸ
337 1570 404 1624 τῶν
425 1562 536 1622 ΔΖΕ.
581 1559 721 1623 δοθεῖσα
744 1556 781 1623 δὲ
803 1560 824 1642 ἡ
847 1560 912 1625 ὑπὸ
935 1571 1005 1625 τῶν
1030 1562 1131 1627 ΒΑΓ·

127 1667 265 1731 δοθεῖσα
298 1667 362 1752 ἄρα
394 1663 449 1729 καί
476 1665 497 1747 ἡ
524 1664 589 1729 ὑπὸ
617 1675 684 1729 τῶν
707 1669 816 1730 ΔΖΕ.
871 1664 941 1731 ἐπεὶ
970 1663 1035 1732 οὖν
1061 1667 1131 1753 πρὸς

76 1783 108 1831 15
126 1772 220 1839 θέσει
239 1770 399 1856 δεδομένη
419 1771 535 1856 εὐθείᾳ
557 1781 596 1856 τῇ
616 1777 648 1834 Δ
655 1775 682 1834 Ζ
705 1769 761 1835 καὶ
779 1781 825 1859 τῳ
843 1774 926 1858 πρὸς
944 1773 1031 1860 αὐτῇ
1051 1774 1131 1838 δεδο

125 1878 212 1967 μένῳ
229 1882 350 1966 σημείῳ
365 1887 410 1965 τῷ
423 1876 457 1964 {Z
472 1877 587 1941 εὐθεῖα
598 1879 729 1962 γραμμὴ
740 1873 836 1960 ἦκται
850 1879 871 1961 ἡ
883 1883 946 1943 ΖΕ
960 1879 1133 1965 δεδομένην

126 1995 269 2050 ποιοῦσα
292 1987 419 2067 γωνίαν
442 1984 503 2066 τὴν
525 1982 590 2047 ὑπὸ
614 1994 681 2047 τῶν
703 1988 820 2067 ΔΖΕ,
845 1982 939 2049 θέσει
963 1986 1030 2071 ἄρα
1055 1982 1133 2050 ἐστὶν

127 2092 243 2174 ἡΖΕ.
293 2086 348 2152 καὶ
381 2086 450 2152 ἐπεὶ
478 2090 575 2169 λόγος
603 2086 672 2152 ἐστὶ
699 2097 757 2172 τῆς
783 2094 846 2153 ΒΑ
877 2091 960 2175 πρὸς
988 2093 1053 2174 τὴν
1079 2090 1137 2156 ΑΓ

128 2196 256 2277 δοθείς,
289 2194 306 2260 ὁ
335 2194 434 2269 αὐτὸς
461 2193 550 2281 αὐτῷ
575 2193 735 2277 γεγονέτω
760 2194 777 2260 ὁ
801 2204 859 2278 τῆς
880 2200 947 2259 ΔΖ
976 2199 1063 2283 πρὸς
1083 2199 1134 2281 τὴν

74 2312 108 2360 20
129 2305 194 2365 ZE
224 2297 280 2363 καί
313 2298 496 2383 ἐπεζεύχθω
527 2300 546 2383 ἡ
575 2305 658 2364 ΛΕ·
696 2304 794 2382 λόγος
821 2303 885 2387 ἄρα
912 2300 969 2366 καὶ
997 2314 1058 2388 τῆς
1078 2304 1135 2369 ΔΖ

126 2408 209 2492 πρὸς
240 2407 301 2489 την
336 2410 400 2469 ΖΕ
429 2407 556 2482 δοθείς·
594 2407 733 2471 δοθεῖσα
766 2404 803 2471 δὲ
836 2407 855 2490 ἡ
883 2412 965 2471 ΔΖ·
1004 2411 1135 2476 δοθεῖσι

128 2514 191 2598 ἄρα
218 2509 274 2576 καὶ
301 2513 321 2596 ἡ
347 2517 417 2576 ΖΕ.
464 2511 546 2576 ἀλλὰ
573 2510 629 2576 καὶ
655 2523 694 2597 τῇ
726 2511 828 2578 θέσει.
872 2516 932 2578 καί
956 2514 1028 2581 ἐστι
1056 2516 1135 2582 τδΖ

127 2617 243 2684 δοθέν·
277 2616 381 2684 δοθὲν
411 2621 475 2702 ἄρα
502 2616 556 2682 καί
584 2619 621 2683 τὸ
644 2624 682 2683 Ε.
738 2622 806 2684 ἔστι
839 2616 876 2684 δὲ
904 2618 960 2685 καὶ
989 2620 1136 2708 ἑκάτερον

126 2737 192 2790 τῶν
224 2731 271 2819 ΔΙ,
296 2730 323 2789 Ζ
360 2722 478 2790 δοθέν·
517 2724 656 2788 δοθεῖσα
693 2726 757 2811 ἄρα
796 2723 886 2790 ἐστὶν
923 2725 1045 2812 ἑκάστη
1078 2738 1135 2793 τῶν

73 2836 206 2914 νῠΔΖ,
237 2835 313 2913 ΖΕ,
341 2836 410 2894 ΔΕ
444 2841 483 2915 τῇ
519 2828 612 2894 θέσει
649 2828 704 2894 καὶ
740 2840 785 2918 τῳ
823 2830 971 2916 μεγέθει·
1010 2834 1135 2900 δέδοται

126 2939 190 3020 ἄρα
222 2939 258 3002 τὸ
287 2940 390 3000 ΔΖΕ
420 2945 465 3022 τῳ
499 2936 588 3000 εῖδει.
641 2934 696 3000 καί
730 2935 798 3001 ἐπεὶ
830 2937 892 3002 δύο
925 2942 1075 3025 τρίγωνα
1102 2938 1135 3003 τί

126 3046 236 3126 ΑΒΓ,
255 3046 356 3106 ΔΕΖ
384 3044 464 3126 μίαν
491 3045 617 3123 γωνίαν
643 3046 702 3129 μία
729 3047 835 3130 γωνία
867 3049 943 3127 ίσην
972 3047 1055 3131 ἔχει,
1083 3048 1135 3129 τὴν

199 3198 222 3243 1.
246 3189 311 3275 μα’]1
330 3189 377 3258 μβ’
397 3188 424 3241 b.
484 3269 494 3280 η
516 3195 540 3242 2.
567 3189 626 3261 ἔχη]
647 3189 702 3260 ἔχει
720 3209 746 3259 V,
766 3208 834 3246 corr.
854 3209 890 3245 m.
910 3196 935 3246 1.
1026 3190 1134 3266 γωνίαν]

127 3261 311 3402 ᾗῗιῗέίινιῗω
368 3265 523 3419 καθἰελωέ]
536 3261 745 3399 (δέδδῳδῖίὲοῗζ
764 3351 799 3387 m.
822 3266 934 3386 ιδῃ
948 3262 1138 3405 (Βίδᾘηζίδ
1172 3280 1175 3345 Ι

127 3401 220 3538 χξωνίῗ)
234 3402 251 3471 ἡ
271 3401 297 3454 b.
382 3406 422 3455 15.
443 3420 544 3474 σημειῳ
564 3399 706 3475 δεδομένῳ
724 3403 751 3456 b.
832 3406 874 3458 2'4.
898 3404 931 3475 Z]
952 3408 977 3458 E
996 3406 1025 3461 b.
1097 3408 1133 3459 λλ.

159 3492 183 3526 ει
223 3516 227 3526 .
