2356 3818
84 72 87 77 ’
106 100 129 162 4
510 99 713 154 monum.

106 243 239 328 μεγέθει
262 243 317 309 καί
339 244 377 309 αί
397 243 508 327 βάσεις
530 255 597 308 τῶν
619 243 796 327 τμημάτων
817 251 858 327 τῇ
880 240 973 307 θέσει
996 241 1057 308 καὶ
1076 252 1122 332 τῷ

107 349 248 434 μεγέθει.

174 455 222 520 θ’.
264 453 420 538 Μέγεθος
451 454 613 541 μεγέθους
650 451 811 520 δοθέντι
847 457 978 539 μεῖζόν
1018 453 1125 540 ἐστιν,

109 562 199 646 ὅταν,
223 561 463 650 ἀφαιρεθέντος
485 571 545 627 τοῦ
568 561 739 645 δοθέντος,
761 563 798 627 τὸ
822 563 939 626 λοιτιδν
961 569 1009 648 τῷ
1031 563 1126 651 αὐτῷ

72 671 183 733 5ἴσον
205 663 235 755 ᾖ.

108 768 111 773 ⁴
176 773 209 839 ι’.
246 774 403 859 Μέγεθος
434 772 596 859 μεγέθους
628 773 789 839 δοθέντι
822 775 987 838 ἔλασσόν
1022 771 1128 859 έστιν,

109 881 203 965 ὅταν,
234 879 475 968 προστεθέντος
501 889 561 945 τοῦ
589 879 762 963 δοθέντος,
793 881 830 945 τὸ
859 880 938 944 ὅλον
960 887 1007 966 τῷ
1033 880 1129 968 αὐτῷ

109 992 184 1052 ίσον
206 982 237 1074 ᾗ
535 1056 542 1070 ‚

178 1093 234 1158 ια’.
267 1092 424 1175 Μέγεθος
451 1092 614 1178 μεγέθους
641 1091 802 1158 δοθέντι
829 1094 960 1176 μεῖζόν
986 1089 1128 1176 έστινῆ

57 1205 91 1252 10
110 1200 151 1265 έν
170 1203 285 1286 λόγῳ,
309 1199 398 1283 όταν,
422 1197 661 1285 ἀφαιρεθέντος
679 1208 739 1263 τοῦ
759 1196 928 1280 δοθέντος,
946 1199 985 1262 τὸ
1004 1202 1130 1266 λοιπὸν

109 1307 193 1391 πρὸς
214 1306 253 1370 τὸ
276 1305 356 1370 αὐτὸ
380 1308 481 1388 λόγον
503 1309 559 1390 ἔχη
583 1304 769 1390 δεδομένον.

179 1409 236 1494 ιβ’.
272 1409 430 1493 Μέγεθος
456 1410 619 1495 μεγέθους
646 1410 809 1476 δοθέντι
836 1411 1003 1475 έλασσδν
1032 1411 1128 1481 έστιά

111 1516 132 1599 ἢ
151 1516 191 1582 έν
210 1520 324 1605 λόγῳ,
348 1519 438 1601 ὅταν,
460 1516 701 1604 προστεθέντος
719 1526 779 1582 τοῦ
798 1515 967 1599 δοθέντος,
986 1517 1024 1581 τὸ
1045 1518 1128 1584 ὅλον

111 1624 194 1709 τιρὸς
216 1625 253 1688 τὸ
276 1624 357 1689 αὐτὸ
380 1627 481 1707 λόγον
504 1627 560 1709 έχη
584 1621 771 1708 δεδομένον.

59 1734 92 1783 15
180 1730 251 1816 [ιγ’.
283 1728 514 1815 Κατηγμένη
539 1728 628 1795 ἐστὶν
650 1730 670 1813 η
694 1729 758 1794 ἀπὸ
782 1727 962 1812 δεδομένον
985 1735 1127 1814 σημείον

112 1836 165 1903 έτὶ
188 1836 281 1903 θέσει
305 1839 441 1903 εὐθεῖαν
464 1836 606 1922 ἀγομένη
630 1837 746 1901 εὐθεῖα
768 1834 809 1900 έν
827 1833 986 1920 δεδομένῃ
1009 1840 1127 1925 γωνίᾳ

181 1942 237 2008 ιδ’.
275 1942 485 2027 Ἀνηγμένη
518 1940 608 2006 ἐστὶν
637 1941 657 2023 ἡ
686 1940 749 2005 ἀπὸ
777 1938 958 2024 δεδομένου
985 1947 1127 2026 σημείον

110 2051 196 2135 πρὸς
218 2047 311 2114 θέσει
335 2049 451 2134 εὐθείᾳ
474 2045 616 2131 ἀγομένη
638 2047 753 2111 εὐθεῖα
776 2046 812 2112 έν
831 2045 989 2132 δεδομένη
1010 2053 1126 2137 γωνίᾳ.

181 2153 232 2218 ιε’.
269 2155 381 2239 Παρά
408 2151 518 2218 θέσει
546 2152 635 2218 ἐστὶν
658 2153 678 2235 ι]
702 2153 758 2217 διά
781 2150 961 2236 δεδομένον
984 2159 1126 2239 σημείου

59 2282 95 2331 20
114 2259 207 2326 θέσει
229 2260 345 2346 εὐθείᾳ
367 2260 574 2344 τιαράλληλος
596 2258 763 2343 ἀγομένη]

601 2489 645 2554 α’.

187 2620 261 2680 Τῶν
288 2613 476 2699 δεδομένων
503 2620 654 2699 μεγεθῶν
681 2613 698 2678 ὁ
725 2616 822 2696 λόγος
849 2611 867 2677 ὁ
890 2613 973 2697 πρὸς
999 2613 1127 2698 ἀλληλα

116 2721 257 2788 δέδοται.
1170 2790 1172 2805 Ι

184 2832 265 2893 ἔστω
290 2826 450 2911 δεδομένα
473 2825 596 2911 μεγέθη
620 2828 660 2891 τά
683 2832 725 2910 Α,
743 2831 785 2891 Β·
814 2824 912 2910 λέγω,
936 2825 986 2890 ὅτι
1009 2836 1073 2892 τοῦ
1096 2830 1128 2892 A

65 2955 98 3005 25
117 2936 200 3021 πρὸς
222 2936 259 2999 τὸ
283 2938 311 2998 Β
336 2936 433 3016 λόγος
456 2931 524 2999 ἐστὶ
547 2935 669 3008 δοθείς.

191 3166 215 3215 2.
241 3158 367 3231 μεγέθει]
392 3175 448 3227 seq.
467 3157 498 3211 in
516 3160 545 3230 βε
573 3159 700 3228 τμήματα
718 3159 827 3213 κύκλων
845 3163 882 3231 τῷ
901 3157 970 3212 εἴδει
989 3160 1129 3218 δεδόσθαι

100 3230 241 3302 λέγεται,
266 3231 296 3286 ἐν
316 3227 358 3292 οἷς
376 3230 407 3284 αἱ
424 3227 524 3299 γωνίαι
542 3228 692 3298 δεδομέναι
711 3228 770 3285 εἰσί.
852 3236 876 3284 6.
897 3229 1010 3284 ἔλαττον
1028 3232 1128 3289 Vatx.

157 3308 199 3357 11.
227 3301 286 3374 ἔχη]
306 3319 374 3356 corr.
395 3317 428 3355 ex
448 3300 503 3372 ἔχει
521 3319 556 3354 m.
576 3307 592 3354 θ
611 3319 636 3355 v.
719 3307 760 3355 12.
781 3300 892 3356 έλαττον
911 3300 1008 3356 Vm.
1086 3309 1128 3360 18.

119 3374 183 3447 τοῦ]
208 3389 260 3428 om.
280 3374 298 3444 β
322 3375 442 3442 (nona).
535 3378 576 3427 16.
605 3373 722 3427 εόθεῑαν
745 3370 881 3443 ἀγομένη]
905 3369 1042 3446 εόθείᾳι]
1063 3370 1151 3431 mxv-⁸

119 3441 245 3514 αγομένη
265 3445 289 3515 β.
364 3449 404 3498 18.
424 3444 494 3512 πρὸς
506 3440 598 3514 θέσει]
617 3440 769 3514 προσθείση
789 3444 806 3514 β
824 3446 890 3513 (non
905 3447 940 3512 a).
1014 3443 1130 3520 εὐθείᾳ]
