2356 3818
517 154 681 206 SCHOLIA.
1034 152 1097 216 311

93 303 158 362 AB
182 298 202 382 ἡ
227 301 289 362 ΓΕ
311 304 364 380 ῖση
388 293 472 363 οὖσα
494 308 533 382 τῇ
557 304 597 362 Α.
639 294 708 362 ἐπεὶ
731 293 793 363 οὖν
816 296 906 362 ἐστιν
929 298 973 374 ὡς
995 297 1015 380 ἡ
1035 301 1106 362 ΑΓ

91 406 274 490 πρὸςΤΒ,
302 405 407 481 οὕτως
433 406 469 469 τὸ
497 404 562 469 ὑπὸ
589 416 656 468 τῶν
685 407 764 487 ΑΓ,
784 407 859 487 ΓΕ,
886 403 1035 469 τουτέστι
1062 407 1099 471 τὸ

91 511 157 575 ὑπὸ
181 517 224 594 A,
242 515 274 576 E
293 512 376 596 πρὸς
398 512 435 575 τὸ
457 510 522 575 ὑπὸ
541 521 608 575 τῶν
627 513 699 593 ΕΓ,
720 513 788 594 ΓΒ,
811 508 960 575 τουτέστι
978 513 1015 576 τὸ
1034 511 1099 577 ὑπὸ

91 628 159 682 τῶν
182 624 224 700 A,
242 623 289 701 A,
317 621 406 682 ἔστιν
429 613 491 682 οὖν
515 617 559 693 ὡς
581 615 601 698 ἡ
624 621 656 680 Ε
675 618 758 703 πρὸς
780 619 841 700 τὴν
864 624 911 700 Δ,
935 618 1039 694 οὕτως
1062 620 1099 683 τὸ

90 723 156 789 ὑπὸ
179 735 247 789 τῶν
269 731 312 807 A,
330 729 362 788 Ε
381 725 466 811 πρὸς
486 725 523 788 τὸ
546 724 611 788 ὑπὸ
635 734 702 788 τῶν
725 729 766 808 A,
783 729 824 787 A.
1135 739 1151 787 ο

159 850 233 915 178.
275 852 380 914 Τοῦτό
411 866 528 935 φησιν,
561 849 625 932 ὅτι,
658 848 716 914 ἐὰν
742 843 804 913 ὦσι
832 833 852 912 δ
884 847 1012 913 εὐθεῖαι
1044 848 1100 914 καὶ

92 957 211 1039 ἔχωσιν
247 957 352 1032 οὕτως
382 957 465 1039 πρὸς
493 955 647 1038 ἀλλήλας·
679 967 749 1031 πῶς
776 953 812 1020 δὲ
840 958 971 1039 έχωσιν;
1018 957 1101 1022 ὥστε

86 1065 206 1146 λαβεῖν
229 1086 303 1127 τινα
327 1061 358 1139 ἐξ
382 1063 493 1127 αὐτῶν
515 1074 615 1149 τρεῖς,
643 1062 715 1139 οἵας
742 1061 784 1127 ἂν
805 1064 975 1147 βούλοιτο,
1001 1081 1103 1150 προσ-

92 1172 207 1252 λαβεῖν
231 1166 266 1233 δὲ
289 1167 344 1234 καὶ
367 1169 525 1254 τετάρτην
548 1167 713 1251 ἀνάλογον
740 1165 844 1234 οὖσαν
866 1182 938 1246 ταῖς
960 1175 1100 1254 ληφθεί-

90 1291 165 1352 σαις
187 1278 289 1361 τρισί·
318 1279 407 1341 ἔσται
435 1275 480 1352 ὡς
501 1275 522 1358 ἡ
545 1276 680 1361 τετάρτη
706 1277 779 1358 ἤτοι
801 1275 822 1358 ἡ
845 1281 1099 1362 προσληφθεῖσα
1120 1290 1152 1337 10

91 1383 173 1468 πρὸς
200 1383 261 1466 τὴν
288 1385 403 1467 τρίτην
430 1383 503 1465 λτοι
530 1383 591 1466 την
613 1380 682 1466 μετ’
706 1382 962 1468 αὐτὴνῑτρίτην,
995 1383 1100 1461 οὕτως

91 1487 112 1572 η
135 1487 273 1575 δευτέρα
300 1490 372 1571 ἥτοι
399 1489 420 1573 ἡ
442 1489 523 1573 μετά
545 1490 606 1573 την
627 1494 903 1575 προσληφθεῖσαν
931 1488 1099 1576 δευτέραν,

91 1596 174 1680 πρὸς
196 1593 239 1677 ἣν
261 1594 282 1678 ἡ
305 1597 417 1681 πρώτη
441 1598 542 1678 λόγον
561 1599 625 1679 ε”χει
644 1593 824 1679 δεδομένον
846 1596 920 1677 ἤτοι
937 1597 1020 1681 πρὸς
1038 1599 1099 1680 τὴν

89 1697 197 1768 οὖσαν
215 1703 295 1785 μετὰ
313 1703 374 1786 την
391 1707 667 1788 προσληφθεῖσαν
685 1702 851 1785 τετάρτην,
871 1703 955 1786 πρὸς
972 1701 1015 1784 ἣν
1034 1705 1099 1786 ἔχει

91 1805 112 1890 η
134 1807 248 1894 πρώτη
271 1808 344 1889 ἤτοι
366 1807 387 1890 ἡ
406 1805 438 1884 έξ
458 1806 559 1894 ἀρχῆς
577 1806 693 1871 εὐθεῖα
714 1808 797 1889 πρὸς
815 1806 920 1890 αὐτὴν
939 1806 1099 1893 δευτέραν
1119 1819 1152 1867 15

89 1908 196 1980 οὖσαν
219 1915 320 1995 λόγον
343 1912 531 1997 δεδομένον.

158 2021 306 2084 ἔστωσαν
328 2019 457 2084 εὐθεῖαι
480 2015 577 2084 αὗται
600 2021 637 2084 αλ
657 2025 699 2103 Α,
718 2023 757 2103 Β,
777 2022 814 2103 Γ,
833 2026 876 2103 Δ,
899 2010 954 2084 καλ
977 2020 1099 2104 ἔστωὴ

89 2111 973 2210 μεταλαηοειιῑῖηοιπηηοεπξ.
1019 2123 1099 2211 ιηιε

88 2240 176 2312 γοῦν
195 2230 226 2310 ἐξ
246 2232 357 2298 αὐτῶν
371 2245 468 2319 τρεῖς,
486 2233 558 2309 οἵας
570 2235 695 2317 βούλει,
713 2225 786 2298 οἷον
800 2235 860 2316 τὴν
875 2240 907 2298 A
924 2232 979 2299 καὶ
994 2236 1056 2318 τὴν
1070 2239 1099 2299 Β

87 2336 147 2402 καὶ
173 2339 234 2423 τὴν
259 2343 302 2404 Γ·
334 2342 526 2425 προσλαβοῦ
553 2338 608 2405 καὶ
636 2338 750 2426 ἑτέραν
777 2340 942 2423 ἀνάλογον
964 2342 1099 2417 ταύταις
1117 2350 1152 2399 20

87 2443 164 2524 ἤτοι
187 2445 249 2529 τὴν
271 2451 315 2529 Ε,
342 2444 397 2511 καὶ
421 2449 502 2511 ἔστω
526 2431 550 2510 δ
552 2466 560 2481 ·
594 2448 690 2512 ὥστε
704 2451 768 2530 ἔχει
791 2447 907 2522 αὐταῖς
929 2447 1099 2529 ἀναλόγως

88 2547 164 2629 ’ἦτοι
191 2553 251 2616 τὸν
274 2553 471 2617 διπλασίονα
494 2555 604 2635 λόγον.
650 2556 714 2636 έχει
738 2549 799 2618 οὖν
822 2552 842 2635 ἡ
866 2553 1001 2639 τετάρτη
1025 2554 1098 2635 λτοι

87 2650 117 2733 ’ἡ
143 2663 411 2743 προσληφθεῖσα·
443 2660 579 2745 τετάρτη
612 2660 674 2744 γάρ
708 2658 896 2745 ἀριθμεῖται
929 2660 1008 2742 μετὰ
1040 2660 1099 2734 τδις

84 2775 179 2844 τρεῖς
200 2765 260 2840 τὰς
281 2769 478 2849 ληφθείσας·
500 2766 583 2850 πρὸς
605 2766 666 2847 την
684 2769 798 2851 τρίτην
816 2765 889 2846 ἤτοι
907 2766 967 2848 τὴν
987 2767 1019 2828 Γ
1036 2767 1098 2848 τὴν

78 2871 170 2940 μετὰ
201 2871 263 2955 την
288 2876 537 2957 προσληθεῖσαν
569 2869 819 2954 άριθμουμένην
851 2874 965 2956 τρίτην
996 2873 1097 2953 λόγον
1115 2881 1150 2931 25

75 2961 342 3042 ὖποδιπλάσιον.
401 2975 492 3042 θέλει
520 2987 604 3060 γοῦν
636 2981 721 3061 ἔχειν
751 2977 856 3052 οὕτως
887 2975 942 3041 καὶ
974 2977 993 3061 ἡ
1022 2978 1096 3043 δευ-

163 3173 222 3224 178.
241 3169 284 3224 P’.

69 3263 302 3297 &—

69 3410 104 3466 E
161 3365 271 3436 ῖτῶν]
291 3382 343 3419 om.
363 3365 473 3420 Ποῖα.
553 3365 620 3437 ΓΕ]
642 3368 690 3418 ΓΔ
709 3365 817 3420 Nam.
905 3371 927 3418 3.
948 3367 1011 3431 ΕΓ,
1032 3368 1081 3418 ΓΒ

66 3426 220 3560 τῆξρορ,
239 3439 322 3491 ΔΕΒ
341 3439 406 3490 cett.
484 3441 509 3490 ι.
528 3441 554 3489 Δ
568 3437 643 3508 (pun
662 3439 686 3489 Ε
704 3436 724 3490 ι.
804 3441 832 3489 τ.
849 3445 905 3490 ταν
920 3436 1104 3501 mmm,
