2356 3818
98 155 141 220 90
501 157 705 209 Δοοοιιιιπλ.

164 299 228 364 ἀπὸ
258 301 321 385 γὰρ
353 308 411 382 τῆς
443 299 544 383 αὐτῆς
575 299 709 376 εὐθείας
735 306 793 383 τῆς
818 303 886 364 ΑΒ
918 300 981 364 δύο
1006 296 1090 363 εὐδό-

97 428 243 492 γραμμα,
276 405 296 470 ἀ
324 409 453 490 ἔτυχεν,
486 405 647 490 δεδομένα
674 414 720 495 τῷ
748 406 830 470 είδει
863 402 1089 490 ἀναγεγράφθω

97 513 137 576 τδι
157 516 335 595 ΑΕΓΖΒ,
351 518 417 576 ΑΛ
423 517 451 576 Β
458 531 464 547 ·
489 511 584 596 λέγω,
604 513 654 577 ὅτι
673 514 771 594 λόγος
784 508 854 577 ἐστὶ
867 520 929 576 τοῦ
945 512 1093 576 ΑΕΓΖΒ

23 682 27 689 ,
96 619 179 705 πρὸς
202 623 301 682 ΑΛΒ
325 620 448 695 δοθείς.

61 735 77 783 σ
164 724 411 808 ἐπεζεύχθωσαν
438 726 501 810 γάρ
530 726 567 789 αί
588 729 663 808 ΑΖ,
685 728 762 789 ΖΕ’
795 721 929 789 δέδοται
951 726 1015 810 ἀρα
1035 722 1111 789 ἐκω-

97 847 177 895 στον
199 841 266 895 τῶν
289 834 400 914 ΕΓΖ,
420 836 526 914 ΕΖΑ,
546 836 640 895 ΖΑΒ
664 831 837 917 τριγώνων
859 840 906 919 τῷ
931 831 1019 895 είδει.
1048 823 1130 893 καὶ

96 935 165 1001 ἐπεὶ
184 935 247 1001 ἀπὸ
267 947 324 1021 τῆς
343 937 444 1021 αὐτῆς
463 937 596 1012 εὐθείας
615 946 672 1021 τῆς
686 942 749 1000 ΕΖ
773 938 1001 1023 δύοτρίγωνα
1016 934 1144 999 δεδι-

96 1042 178 1128 μένα
210 1052 255 1130 τῷ
283 1044 362 1107 είδει
391 1042 634 1127 ἀναγέγραπται
662 1043 702 1107 τά
729 1047 840 1126 ΕΖΓ,
864 1047 980 1124 ΕΖΑ,
1011 1044 1146 1123 λόγος

97 1151 160 1234 ἀρα
189 1147 257 1213 ἐστὶ
284 1157 344 1213 τοῦ
369 1152 463 1214 ΓΕΖ
491 1150 574 1234 πρὸς
601 1150 638 1214 τὸ
664 1153 765 1214 ΖΕΑ
792 1151 919 1225 δοθείς·
952 1146 1008 1213 καὶ
1028 1164 1147 1212 συν-ν

46 1265 79 1312 10
98 1253 193 1319 θέντι
217 1255 281 1339 ἀρα
303 1257 401 1336 λόγος
425 1253 493 1319 ἐστὶ
516 1263 576 1319 τοῦ
601 1258 699 1320 ΓΕΑ
706 1260 733 1318 Ζ
759 1256 843 1341 πρὸς
864 1256 902 1320 τὸ
929 1259 1026 1319 ΖΕΑ
1047 1252 1076 1316 δο
1096 1279 1149 1293 ‘-

96 1363 179 1436 θείς.
220 1368 280 1424 τοῦ
303 1357 340 1424 δέ
365 1365 464 1425 ΖΕΑ
487 1362 569 1446 πρὸς
592 1363 629 1425 τὸ
654 1366 749 1425 ΖΑΒ
773 1364 871 1443 λόγος
894 1357 963 1427 ἐστὶ
986 1358 1149 1431 δοθείξι

97 1466 269 1552 ἐπειδήπερ
285 1466 348 1531 ἀπὸ
363 1474 420 1550 τής
434 1467 536 1550 αὐτῆς
549 1465 683 1542 εὐθείας
697 1476 755 1550 τῆς
769 1470 835 1531 ΑΖ
849 1464 1091 1552 ἀναγέγραπται
1142 1465 1148 1480 ’

96 1571 150 1636 καὶ
173 1580 233 1637 τοῦ
253 1576 352 1637 ΓΕΑ
359 1578 386 1636 Ζ
409 1575 474 1658 ἀρα
496 1574 580 1658 πρὸς
602 1573 639 1636 τὸ
660 1576 754 1636 ΖΑΒ
778 1574 876 1655 λόγος
894 1571 964 1639 ἐστὶ
982 1570 1097 1643 δοθείςν
1141 1568 1148 1583 ‘

95 1677 149 1743 καὶ
173 1677 332 1744 συνθέντι
355 1687 415 1743 τοῦ
440 1682 603 1742 ΓΕΒΖΑ
628 1679 711 1762 πρὸς
729 1679 770 1743 τὸ
795 1682 892 1743 ΖΒΑ
919 1682 1017 1761 λόγος
1037 1675 1077 1741 ἐστ
1098 1652 1147 1727 2

44 1794 77 1842 15
97 1787 219 1861 δοθείς.
269 1793 328 1850 τοῦ
357 1782 393 1849 δὲ
418 1788 512 1848 ΖΑΒ
540 1785 623 1870 πρὸς
645 1785 683 1849 τὸ
707 1789 807 1848 ΑΛΒ
835 1786 935 1867 λόγος
962 1782 1029 1850 έστλ
1047 1781 1148 1845 δικ

95 1895 181 1968 θείς·
205 1888 261 1954 καὶ
283 1898 343 1954 τοῦ
363 1892 497 1954 ΓΕΑΒ
505 1893 532 1952 Ζ
555 1891 619 1975 ἀρα
642 1890 726 1975 πρὸς
743 1890 781 1954 τὸ
801 1894 901 1954 ΑΛΒ
925 1893 1022 1974 λόγος
1037 1868 1145 1953 έστῖ

95 1998 218 2072 δοθείς.

581 2143 624 2184 ν.

159 2241 235 2307 Ἐδιν
258 2243 320 2307 δύο
345 2242 474 2307 εὐθεῖαι
497 2243 580 2327 πρὸς
604 2240 746 2326 ἀλλήλας
769 2244 871 2324 λόγον
894 2245 993 2326 ἔχωσι
1015 2238 1128 2306 δεδοκ

43 2359 78 2407 20
96 2348 207 2434 μένον,
225 2346 280 2412 καὶ
299 2349 339 2412 τδι
358 2347 413 2412 ἀπ’
431 2349 542 2413 αὐτῶν
560 2348 780 2434 εὐθύγραμμα
800 2349 897 2433 όμοια
914 2346 971 2414 καὶ
989 2348 1132 2433 δμοίῠῗ

98 2452 369 2540 ἀναγεγραμμένα
392 2455 475 2540 πρὸς
498 2455 624 2536 ἀλλήλα
646 2457 748 2536 λόγον
769 2453 834 2532 ἔξει
857 2454 1044 2541 δεδομένον.

162 2563 222 2627 δύο
246 2562 309 2647 γὰρ
334 2561 463 2626 εὐθεῖαι
487 2561 525 2624 αί
545 2565 625 2643 ΑΒ,
645 2563 706 2624 ΓΑ
729 2557 820 2646 ξπρὸς
842 2559 988 2644 ἀλλήλας
1009 2562 1127 2641 λόγον

98 2666 258 2751 ἐχέτωσαν
282 2665 476 2751 δεδομένον,
503 2663 559 2729 καὶ
583 2665 830 2750 ἀναγεγράφθω
854 2665 919 2732 ἀπὸ
942 2678 1012 2732 τῶν
1031 2664 1124 2739 AB,

95 2777 156 2837 ΓΛ
183 2773 280 2857 ὅμοια
302 2770 358 2836 καὶ
382 2772 503 2856 ὁμοίως
526 2774 657 2855 κείμενα
687 2772 909 2858 εὐθύγραμμα
936 2774 978 2838 τὰ
1004 2768 1118 2855 ΕΓ

166 3004 189 3052 2.
212 2996 288 3068 ἔτυχε
306 2998 333 3051 b.
388 3001 426 3067 τῷ
446 2994 527 3066 είδει]
547 3012 599 3051 om.
619 2997 646 3051 b.
702 3002 726 3050 5.
746 2998 810 3068 AZ]
829 3001 879 3051 AB
897 3015 923 3052 v.
981 2980 1114 3057 ἕκαστον]

96 3065 228 3134 ἑκάτερον
247 3068 273 3121 b.
335 3073 358 3120 6.
378 3063 515 3134 τρίγωνον
534 3066 560 3120 b.
621 3072 645 3121 8.
667 3071 757 3134 ΕΖΓ,
773 3068 865 3192 ΕΖΑέ
880 3071 971 3136 ΑΕΖ,
987 3059 1114 3123 Erzb-

131 3143 154 3192 9.
176 3135 243 3208 ἐστί]
263 3154 315 3190 om.
335 3136 362 3190 b.
452 3142 494 3191 10.
514 3137 584 3205 πρὸς
601 3138 633 3192 τὸ
655 3138 745 3208 ΖΕΑ]
765 3154 818 3192 om.
865 3141 918 3209 ελ,
942 3155 1025 3209 supra
1040 3128 1110 3189 εδδ·

95 3208 165 3276 πρὸς
183 3208 214 3262 τὸ
235 3211 316 3261 ΕΖΑ
334 3212 436 3262 m.2.'
481 3212 522 3261 11.
542 3207 623 3279 πρός]
642 3206 691 3262 ναί
709 3226 735 3276 v,
755 3208 819 3262 add.
835 3208 906 3277 πρός
923 3228 959 3265 m.
975 3216 999 3266 2.
1057 3192 1111 3265 ἦ]

96 3296 149 3333 om.
168 3278 196 3337 b¹
287 3283 329 3332 ιε.
353 3280 415 3350 ΑΖ]
434 3283 484 3331 AB
498 3282 549 3331 ΑΖ
567 3279 593 3332 b.
686 3284 728 3333 ιε,
756 3281 877 3351 ΓΕΑΖ]
896 3284 992 3349 ΑΓΕ,
1010 3270 1108 3335 azb-

131 3348 212 3419 πρός]
231 3346 280 3403 ναί
299 3351 409 3420 (comp.)
425 3349 499 3418 Van,
518 3351 587 3404 mut.
607 3349 637 3402 in
655 3348 725 3417 πρός
742 3367 778 3404 m.
799 3355 822 3404 2.
898 3356 940 3406 14.
962 3330 1106 3406 mu]

96 3423 235 3476 ΓΕΑΒΖ
254 3418 309 3488 ιρι
327 3420 354 3475 b.
431 3421 518 3491 τοι]
538 3424 615 3474 BZA
634 3420 708 3489 ιιι,
731 3424 807 3474 ΖΒΑ
824 3439 850 3491 v,
873 3425 950 3476 ιλιι
967 3420 994 3477 b.
1055 3414 1101 3467 ιθ-

92 3488 131 3543 τά
146 3489 233 3560 ὅμοια
251 3490 276 3547 b.
351 3510 380 3546 τε
399 3489 448 3548 ναί
466 3490 563 3546 vam.
637 3496 678 3545 24.
698 3509 727 3545 τε
745 3489 795 3546 ναί
812 3509 838 3546 v.
