2356 3818
125 172 190 236 246
290 174 419 223 MARINI
437 172 659 223 PHILOSOPHI
678 168 965 223 COMMENTARIUS

125 313 331 399 ειλημμένον.
378 316 459 379 ὥστε
488 315 525 378 τὸ
553 315 723 399 γνώριμον
749 321 817 377 πᾶν
844 309 955 376 οὐκέτι
981 313 1118 394 πόριμον·

125 424 162 486 τὸ
190 420 302 506 μέντοι
325 424 468 505 πόριμον
495 429 562 484 πᾶν
584 417 640 484 καὶ
662 419 846 503 γνώριμον·
875 415 929 482 έπλ
951 415 1049 482 πλέον
1070 419 1119 502 ἄρα

126 530 163 593 τὸ
187 529 357 612 γνώριμον
379 535 438 590 τοῦ
460 530 615 610 πορίμου.

193 634 293 699 πάλιν
325 631 357 696 δ’
384 629 426 697 αὖ
456 634 493 697 τὸ
522 633 692 717 γνώριμον
723 628 779 696 καὶ
807 631 844 695 τὸ
873 631 976 716 ῥητὸν
1002 641 1045 716 πη
1073 625 1120 713 μὲν

91 751 289 822 ὅκοινώνεῖ,
313 750 357 824 πῇ
382 735 418 802 δὲ
441 736 497 802 καὶ
517 736 714 823 διαφέρετον
734 735 888 819 ἀλλήλων
910 737 971 801 τὸν
988 757 1120 820 προειρη-

126 845 228 930 μένον
250 848 384 930 τρόπον.
421 845 457 908 αἱ
478 845 541 928 γὰρ
565 842 734 929 εἰρημέναι
757 844 873 925 όῖλογοι
896 842 1055 927 γνώριμοι
1074 839 1121 925 μέν

127 955 227 1035 εἰσιν,
256 949 365 1015 οὐκέτι
395 948 431 1013 δὲ
458 947 514 1014 καὶ
542 950 654 1034 ῥηταί·
688 948 705 1014 ό
730 945 766 1013 δὲ
791 948 936 1034 ἀριθμὸς
958 957 1021 1024 πᾶς
1042 947 1120 1032 ῥητός

127 1056 188 1141 μέν
216 1057 320 1139 ἐστιν,
348 1055 458 1120 οὐκέτι
487 1053 524 1119 δὲ
551 1054 608 1120 καλ
631 1056 797 1140 γνώριμος
823 1063 896 1131 πᾶς.
942 1052 998 1119 καὶ
1019 1055 1054 1119 τὸ
1075 1049 1119 1136 μλν

127 1164 229 1249 ῥητὸν
252 1174 321 1237 τοῖς
343 1163 425 1226 κατὰ
449 1162 571 1226 ταύτὸν
595 1164 675 1237 ἔθος
697 1161 820 1245 ὁμοίως
842 1162 946 1247 ῥητόν
965 1160 1060 1243 ἐστιν,
1079 1154 1119 1223 ναὶ

74 1283 108 1330 10
127 1268 167 1331 οὐ
191 1277 236 1353 τῷ
260 1264 320 1350 μὲν
343 1268 445 1352 ῥητὸν
468 1271 558 1332 ἔσται
581 1288 613 1331 τι
636 1276 753 1351 μῆκος,
780 1276 826 1355 τῷ
850 1263 889 1331 δὲ
912 1268 968 1332 οὕ·
1000 1265 1050 1331 έπλ
1070 1264 1117 1347 γὰρ

127 1373 249 1437 ταύτὸν
269 1373 443 1437 ἄνοίσουσι
462 1372 590 1459 μέτρον.
621 1374 791 1458 γνώριμον
808 1370 845 1438 δὲ
859 1383 905 1461 τῷ
919 1370 981 1458 μὲν
995 1376 1118 1454 γίγνεται

127 1480 249 1544 ταύτὸν
277 1489 392 1563 μῆκος,
425 1489 471 1566 τῷ
500 1477 537 1544 δὲ
565 1481 620 1563 οὔ,
652 1479 714 1544 νδν
743 1480 779 1544 έν
807 1490 846 1565 τῇ
871 1479 956 1565 αὐτῇ
979 1478 1119 1560 συνηθείᾳ

128 1582 219 1650 ὦσιν.
278 1592 357 1662 ἴσως
395 1583 432 1649 δέ
463 1585 638 1651 κάνταῦθα
670 1588 813 1670 χαλεπόν
845 1589 880 1650 τί
910 1585 1001 1651 ἐστιν
1030 1585 1117 1669 εὑρεῖν

127 1692 228 1775 ῥητὸν
256 1691 330 1775 μέν,
363 1693 536 1773 ἄγνωστον
564 1692 613 1756 δέ·
647 1694 740 1756 δοκεῖ
765 1693 829 1776 γδιρ
862 1690 918 1756 καὶ
950 1701 1010 1756 τοῦ
1036 1691 1116 1775 ῥητοῦ

79 1812 112 1859 15
131 1795 184 1860 ἐπὶ
207 1797 308 1863 πλέον
331 1793 415 1862 εἶναι
439 1800 476 1862 τὸ
500 1799 678 1883 γνώριμον.

195 1904 245 1967 ότι
270 1900 306 1968 δὲ
329 1902 384 1968 καλ
407 1905 444 1968 τὸ
467 1908 611 1989 πόριμον
633 1903 689 1968 παλ
709 1905 745 1968 τὸ
765 1905 892 1988 ἄπορον
912 1902 1058 1988 διαφέρει
1073 1906 1117 1966 τοῦ
1159 1954 1161 1961 .

127 2030 162 2071 τε
185 2009 287 2093 ῥητοῦ
311 2009 366 2073 καὶ
390 2009 524 2093 ἀλόγου,
549 2011 697 2095 φανερὸν
716 2009 751 2074 ἐκ
768 2010 911 2074 τούτων·
935 2012 1055 2095 πόριμα
1071 2007 1117 2089 γὰρ
1159 2034 1161 2041 ·

128 2108 212 2176 εἶναι
242 2116 387 2179 δυνατὸν
414 2114 469 2179 καλ
497 2126 565 2180 τῶν
592 2116 723 2197 ἀλόγων
750 2115 839 2198 τινά,
872 2112 974 2180 οὐδὲν
1006 2112 1041 2179 δὲ
1068 2123 1118 2177 τῶν
1159 2194 1161 2203 Ι

127 2217 237 2300 ῥητῶν
256 2219 387 2300 ἄλογον.
425 2218 501 2303 ἡδὲ
520 2219 694 2303 συγγένεια
712 2221 841 2285 τούτων
860 2222 973 2286 αὐτῶν
990 2219 1117 2299 καθάπερ
1159 2210 1161 2217 ’

74 2337 108 2386 20
127 2319 182 2384 καὶ
213 2334 281 2386 τῶν
308 2326 418 2390 ἄλλων
450 2325 550 2391 παντλ
582 2329 788 2412 καταφανής·
821 2327 908 2392 οὕτω
942 2326 1052 2413 μέντοι
1079 2318 1118 2389 ναὶ

126 2437 229 2492 ταῦτα
252 2432 316 2512 ἔχει
339 2432 423 2515 πρὸς
446 2434 584 2516 ἄλληλα,
616 2434 698 2498 ώστε
728 2435 765 2498 τὸ
792 2436 937 2518 πόριμον
966 2432 1018 2498 έπλ
1038 2429 1119 2497 πλέον
1156 2406 1161 2429 ¹

126 2529 211 2598 εἶναι
235 2536 347 2599 δοκεῖν
369 2546 429 2600 τοῦ
453 2539 565 2623 ῥητοῦ.

192 2640 295 2718 ἔξεστι
319 2638 356 2706 δέ
379 2654 446 2707 τῶν
469 2642 718 2729 προειρημένων
740 2645 802 2727 την
822 2645 994 2731 διαφορὰν
1012 2645 1118 2709 έπιοιιο

125 2759 200 2811 πεῖν
223 2746 278 2812 καλ
301 2750 387 2833 τῇδε.
434 2750 535 2834 ῥητὸν
563 2747 709 2835 μὲνγὰρ
737 2747 794 2814 καὶ
816 2751 946 2831 ἄλογον
973 2750 1053 2815 κατὰ
1074 2749 1119 2829 την

73 2865 107 2913 25
127 2851 179 2916 έπλ
202 2855 238 2917 τὸ
262 2853 382 2940 μέτρον
406 2855 581 2940 ἀναφορὰν
604 2855 745 2939 λέγεται,
773 2855 814 2919 οὐ
837 2857 921 2941 πρὸς
945 2858 1007 2940 την
1028 2847 1118 2940 ἡμενὲ»

126 2981 189 3042 ραν
212 2970 338 3039 γνῶσιν
361 2960 641 3045 ἀναπεμπόμενον.
679 2963 818 3026 δύναται
841 2961 907 3047 γάρ
925 2987 959 3026 τι
977 2957 1118 3049 ῥητδνδν

125 3065 169 3147 μη
193 3058 278 3127 εἶναι
302 3065 381 3149 ημῖν
403 3069 583 3152 γνώριμον,
607 3067 695 3142 ὅπως
718 3068 819 3153 ῥητόν
838 3067 941 3153 ἐστιν,
964 3066 1045 3153 μηδὲ
1061 3085 1118 3130 κατ·

126 3173 290 3255 ειληφθαί
309 3192 374 3254 ποι,
398 3172 449 3236 ότι
472 3174 574 3259 ῥητόν
598 3172 696 3239 ἐστιν.
742 3175 779 3238 τὸ
803 3170 840 3238 δὲ
862 3173 1060 3259 τεταγμένον
1078 3164 1118 3235 ναλ

197 3370 221 3420 4,
240 3363 271 3419 τὸ
291 3361 388 3434 ῥητόν]
407 3362 437 3416 τό
456 3363 577 3432 πόριμον
596 3365 645 3419 καλ
662 3365 694 3419 τό
713 3361 804 3434 ῥηθέν
823 3365 889 3419 Vat.
966 3372 990 3422 5.
1009 3359 1117 3433 διαφέρε-

123 3437 186 3508 τον]
206 3432 386 3504 διαφέρειτον
404 3434 427 3486 Ρ
433 3459 439 3500 3
460 3433 589 3504 διαφέρει
607 3437 672 3490 Vat.
728 3440 751 3488 9.
771 3433 845 3489 κατὰ
863 3437 983 3505 ταύτόν]
1001 3429 1117 3493 καταυτόν

124 3503 224 3581 Vat.v;
247 3506 278 3563 1'11
298 3507 362 3564 Vah.
382 3527 417 3562 τα
436 3505 535 3561 λοεετλ,
551 3524 590 3560 m.
608 3513 635 3560 Q.
705 3511 751 3559 m.
765 3510 804 3575 τῷ
818 3507 897 3578 (91.ss
916 3508 948 3563 τό
968 3509 1030 3564 vat.
1091 3502 1117 3570 τό
