2356 3818
105 129 171 194 312
531 129 695 182 scnomA.

104 273 197 361 τέρα,
224 273 307 359 πρὸς
328 271 371 356 ἣν
394 272 414 356 ἡ
436 273 549 358 πρώτη
573 274 674 354 λόγον
698 275 763 356 ἔχει
786 271 978 356 δεδομένον·
1006 271 1026 353 ἡ
1050 271 1113 354 γὰρ

105 381 185 464 μετά
203 381 263 462 την
282 383 556 465 προσληφθεῖσαν
574 376 712 464 δευτέρα
730 374 814 444 οὖσα
832 382 897 462 ἔχει
913 379 996 463 τρὸς
1010 378 1071 461 την
1085 379 1114 439 Β

106 488 178 569 ἤτοι
210 486 271 569 τὴν
302 486 382 568 μετά
414 485 475 568 την
505 489 781 569 προσληφθεῖσαν
812 479 917 549 οὖσαν
946 484 1115 567 τετάρτην,

106 593 190 678 πρὸς
216 591 258 674 ἣν
285 591 305 674 η
334 588 366 667 ἐξ
390 589 492 675 ἀρχῆς
517 591 630 675 πρώτη
660 589 704 667 ὡς
726 591 810 675 πρὸς
833 589 991 675 δευτέραν
1014 593 1117 671 λόγον

72 703 174 784 σέχει
205 695 399 781 δεδομένον·
431 699 497 780 ε”χει
524 697 586 779 γὰρ
614 697 673 761 τὸν
701 696 804 761 αὐτὸν
831 699 931 779 λόγον
958 698 1032 779 ἤτοι
1058 696 1118 760 τὸν

108 806 381 871 ὑποδιπλασίονα.
427 801 447 884 ἡ
471 804 533 889 γὰρ
557 804 637 886 μετὰ
660 804 721 887 την
743 808 1019 889 προσληφθεῖσαν
1043 803 1118 867 δευ-

109 912 197 999 τέρα,
220 913 291 995 ἥτις
314 908 382 975 ἐστὶ
404 913 439 992 ξ,
466 911 550 992 πρὸς
572 911 633 992 τὴν
656 911 735 993 μετὰ
758 911 819 994 τὴν
841 914 1119 996 προσληφθεῖσαν

109 1019 277 1104 τετάρτην,
301 1015 459 1102 δευτέραν
482 1013 519 1080 δέ
542 1015 587 1092 ὡς
607 1017 692 1101 πρὸς
714 1018 774 1099 τὴν
798 1014 830 1093 ἐξ
854 1015 955 1100 ἀρχῆς
972 1016 1121 1101 πρώτην,

110 1127 183 1208 ἤτοι
206 1125 267 1208 την
289 1128 317 1187 Β
340 1109 376 1207 ιβ
399 1119 503 1189 οὖσαν
526 1121 769 1187 ὑποδιπλάσιόν
793 1122 891 1188 ἐστιν.

58 1248 93 1299 10
178 1230 240 1295 κάν
262 1239 346 1313 γοῦν
368 1230 489 1305 ταύτας
512 1228 553 1292 ού
576 1231 679 1315 λαβῇς
701 1231 760 1306 τάς
779 1230 912 1307 εὐθείας
930 1229 1003 1295 ἀλλ’
1020 1233 1123 1307 άλλας

112 1348 179 1402 τῶν
197 1322 232 1421 δ,
256 1339 328 1414 οἵας
349 1338 473 1421 βούλει,
497 1336 602 1412 οὕτως
624 1335 774 1421 εὑρήσεις
796 1339 918 1413 ταύτας
940 1338 1124 1422 φυλάττειν

112 1446 173 1528 τὴν
190 1445 441 1527 παραδοθεῖσαν
459 1440 552 1519 τάξιν
569 1443 652 1508 κατὰ
670 1445 731 1526 τὴν
751 1443 832 1527 ἐμὴν
850 1442 930 1520 τέως
949 1444 1124 1528 ἐπιβολήν·

113 1552 148 1634 ά,
185 1553 216 1615 εἰ
244 1551 373 1634 βούλει,
410 1552 556 1614 ἔστωσαν
588 1545 648 1633 μὲν
680 1549 725 1626 ὡς
756 1549 792 1614 ἐν
823 1560 869 1638 τῷ
902 1550 1030 1639 έδαφίῳ
1064 1559 1125 1616 τοῦ

113 1661 246 1742 βιβλίου
273 1660 405 1740 κείμενα
433 1654 479 1719 δι’
504 1655 659 1742 άριθμῶν
691 1665 852 1721 τοιοῦτον.
908 1657 991 1722 ἀλλὰ
1019 1658 1061 1742 δὴ
1090 1657 1126 1722 ἐκ

62 1781 95 1830 15
114 1775 182 1829 τῶν
212 1763 366 1850 ἀριθμῶν
394 1762 511 1838 οὕτως·
543 1760 599 1827 καὶ
626 1762 737 1839 ἁπλῶς
767 1764 859 1840 οἴους
889 1765 1005 1847 βούλει
1038 1776 1126 1847 τρεῖς

115 1893 185 1947 τιως
207 1882 274 1934 τῶν
298 1867 329 1946 ἐξ
353 1868 454 1953 ἀρχῆς
472 1853 495 1933 δ
516 1869 675 1952 λάμβανε,
703 1867 758 1933 καὶ
781 1869 930 1956 εὑρήσεις
957 1871 1041 1936 κατὰ
1064 1872 1126 1954 τὴν

116 1979 250 2042 άνωθεν
273 1976 435 2059 ῥηθεῖσαν
458 1974 610 2058 ἐξήγησιν
633 1975 786 2061 ἁρμόζειν
808 1978 845 2042 τὸ
868 1978 1036 2063 θεώρημα.

439 2205 491 2270 Ad
513 2227 603 2290 prop.
626 2205 802 2272 LXXXIV.

188 2330 259 2396 179.
292 2330 401 2413 Λοιιιὴ
423 2330 488 2414 άρα
510 2330 530 2412 ἡ
553 2334 621 2394 ΑΒ
643 2354 674 2414 p.
696 2331 768 2415 166,
786 2329 822 2414 4]
850 2329 870 2412 ἡ
894 2331 956 2417 γὰρ
980 2335 1050 2396 ΒΓ
1072 2341 1133 2416 τῆς

65 2456 101 2506 20
119 2443 181 2503 BA
204 2439 322 2522 μείζων
345 2433 413 2500 ε’στὶ
440 2446 479 2521 τῇ
502 2439 573 2500 ΔΓ
595 2437 711 2524 εὐθείᾳ
738 2437 891 2522 δοθείση,
923 2437 968 2513 ὡς
996 2438 1033 2503 έν
1061 2451 1133 2515 τοῖς

120 2545 219 2632 ὅροις.

456 2685 508 2749 Ad
526 2707 617 2770 prop.
641 2684 799 2749 LXXXV.

190 2811 262 2876 180.
287 2814 356 2874 Καί
373 2809 440 2874 ἐστι
456 2810 594 2874 δοθεῖσα
608 2809 628 2891 ἡ
641 2809 707 2874 ὑπὸ
721 2813 821 2874 ΑΒΔ
839 2811 944 2891 γωνία
962 2832 994 2894 p.
1007 2811 1084 2896 168,
1099 2812 1134 2897 2]

123 2917 168 2992 ὡς
192 2915 233 2980 άν
257 2916 372 2980 εὐθεῖα
396 2913 446 2980 ἐπ’
467 2916 603 2980 εὐθεῖαν
622 2923 781 2982 σταθεῖσα
799 2919 922 2997 γωνίας
944 2928 1035 3003 ποιῇ,
1060 2919 1135 3001 ἤτοι

70 3034 105 3084 25
124 3024 186 3087 δύο
210 3022 315 3107 ὀρθὰς
339 3021 358 3105 ἢ
378 3020 477 3087 δυσὶν
500 3023 620 3109 ὀρθαῖς
643 3028 716 3102 ἴσας
737 3023 876 3104 ποιήσει.

198 3257 256 3305 179.
278 3254 336 3304 180.
356 3248 408 3302 Pv.

178 3494 225 3547 24.
247 3489 336 3565 ποιῇ]
357 3497 440 3546 ποιεῖ
460 3487 545 3546 codd.
