2356 3818
128 113 190 178 108
309 87 313 94 ’
529 115 735 167 ΔεΔοοοιαι.

126 266 171 344 τῷ
204 256 345 341 μεγέθει.
400 261 468 322 ἔστι
497 255 533 322 δὲ
560 256 616 322 καὶ
643 267 689 345 τῷ
717 257 811 321 εῖδει·
844 256 962 340 ὅμοιον
983 253 1046 340 γάρ
1067 252 1124 318 έσιι

126 373 171 450 τῳ
193 367 267 428 ΓΒ·
290 373 350 428 τοῦ
369 368 433 429 ΚΛ
455 366 519 449 ἄρα
542 365 579 428 αῖ
599 360 739 446 πλευραὶ
762 359 939 445 δεδομέναι
957 362 1053 425 εἰσίν·
1079 360 1123 423 δο

127 475 225 534 θεῖσα
248 471 312 554 ἄρα
335 468 424 534 ἐστὶν
447 470 467 553 ἡ
491 474 525 533 K
529 475 568 552 Θ,
592 464 639 534 ὧν
662 468 682 551 ἡ
706 471 776 532 ΚΓ
794 468 936 533 δοθεῖσα
958 466 1060 532 ἐστιν·
1079 471 1122 546 ἴση

127 575 189 660 γάρ
214 575 282 640 ἐστι
305 587 344 661 τῇ
368 580 444 640 ΕΖ·
473 578 570 660 λοιπὴ
594 577 658 660 ἄρα
681 575 701 658 ἡ
726 577 789 638 ΓΘ
812 574 881 639 ἐστι
904 574 1056 638 δοθεῖσα·
1078 568 1135 636 ινδ

92 684 228 763 ὀλόγον
255 685 320 766 ἔχει
347 684 431 767 πρὸς
457 684 518 766 τὴν
544 687 605 746 ΘΒ
634 680 792 746 δοθέντα·
825 681 966 745 δοθεῖσα
992 680 1055 764 ἄρα
1076 673 1130 741 αδ.

126 786 244 869 WB·

191 980 267 1045 Ἐὰν
288 874 631 1067 ααραλληλόγραμμοιξι
653 982 832 1064 δεδομενον
850 989 897 1067 τῳ
917 980 998 1044 εῖδει
1019 975 1069 1042 καὶ
1082 983 1138 1062 τῷ

126 1085 260 1170 μεγέθει
283 1085 449 1174 δεδομένῳ
474 1088 620 1170 γνώμονι
644 1084 774 1172 αὐξηθῇ
797 1085 817 1168 ἣ
840 1091 985 1170 μειωθῇ,
1008 1081 1143 1147 δέδοται

76 1204 108 1251 10
127 1193 167 1255 τὰ
190 1193 295 1273 πλάτη
318 1202 378 1256 τοῦ
402 1194 582 1276 γνώμονος.

193 1302 535 1384 παραλληλόγραμμον
558 1299 621 1384 γὰρ
644 1300 681 1363 τὸ
701 1305 733 1363 A
739 1303 767 1362 Β
791 1295 972 1379 δεδομένον
994 1304 1037 1383 τῳ
1053 1293 1144 1358 εῖδει

126 1401 249 1488 καὶτῷ
272 1404 404 1488 μεγέθει
427 1403 585 1489 ηὐξήσθω
607 1407 770 1489 πρότερον
798 1401 963 1489 δεδομένῳ
991 1400 1145 1484 γνώμονι

127 1518 172 1595 τῷ
195 1514 327 1575 ΕΓΒΛ
334 1515 406 1575 ΖΗ
409 1532 416 1546 ’
445 1510 539 1594 λέγω,
562 1513 613 1577 ὅτι
637 1511 775 1577 δοθεῖσα
799 1510 890 1575 ἐστιν
913 1507 1046 1593 ἑκατέρα
1064 1514 1146 1569 τῶν

128 1618 199 1698 ΓΕ,
219 1621 294 1680 ΛΖ.

75 1730 108 1779 15
195 1721 264 1787 ἐπεὶ
282 1723 344 1808 γὰρ
364 1722 468 1788 δοθέν
487 1724 556 1788 ἐστι
574 1726 611 1789 τὸ
627 1730 659 1788 A
664 1729 703 1807 B,
722 1727 791 1788 ἔστι
805 1720 842 1787 δὲ
859 1721 915 1786 καὶ
934 1709 1148 1787 ὁΕΒΔΗΖ

126 1830 269 1911 γνώμων
298 1830 426 1911 δοθείς,
458 1828 514 1893 καὶ
542 1831 622 1894 ὅλον
649 1832 714 1916 ἄρα
741 1832 778 1895 τὸ
802 1834 879 1894 ΑΗ
902 1825 1008 1893 δοθέν
1033 1825 1148 1891 ἐστιν·

127 1932 209 1997 ἀλλὰ
232 1932 287 1997 καὶ
310 1943 356 2020 τῳ
380 1934 474 1998 εῖδει·
498 1935 614 2017 ὅμοιον
637 1934 699 2020 γάρ
724 1935 792 1999 ἐστι
814 1943 860 2021 τῷ
884 1937 964 1997 ΑΒ·
988 1940 1046 1997 τοῦ
1062 1914 1153 1995 ΑΗ

127 2040 191 2123 ἄρα
219 2037 392 2122 δεδομέναι
421 2038 506 2104 εἰσὶν
537 2041 574 2104 αἱ
600 2043 756 2125 πλευραί·
789 2042 929 2105 δοθεῖσα
956 2041 1021 2124 ἄρα
1046 2031 1153 2101 ἐστὶν

128 2141 262 2226 ἑκατέρα
284 2154 351 2208 τῶν
375 2150 450 2227 ΑΕ,
470 2151 502 2209 Α
508 2150 544 2208 Ζ.
591 2149 659 2210 ἔστι
682 2142 719 2210 δὲ
741 2144 796 2210 καὶ
820 2142 955 2231 ἑκατέρα
978 2155 1043 2208 τῶν
1064 2142 1091 2206 Γ
1087 2132 1156 2205 Aa

73 2260 108 2309 20
128 2254 193 2313 ΑΔ
222 2249 373 2314 δοθεῖσα·
406 2252 503 2334 λοιπὴ
532 2252 596 2336 ἄρα
624 2248 758 2336 ἑκατέρα
785 2262 852 2315 τῶν
878 2253 956 2333 ΕΓ,
976 2254 1042 2315 ΔΖ
1066 2246 1158 2312 em

127 2355 275 2419 δοθεῖσα.

192 2460 293 2525 πάλιν
316 2462 357 2545 δὴ
381 2465 723 2547 παραλληλόγραμμον
743 2463 779 2525 τὸ
799 2466 876 2526 ΑΗ
894 2460 1071 2546 δεδομένον
1086 2446 1158 2539 τῷ

127 2567 207 2631 εῖδει
238 2564 294 2630 καὶ
328 2577 373 2654 τῷ
404 2566 536 2651 μεγέθει
566 2569 760 2651 μεμειώσθω
793 2565 960 2655 δεδομένῳ
992 2567 1158 2651 γνώμον’

126 2682 172 2761 τῷ
196 2676 328 2738 ΕΓΒΔ
334 2677 416 2737 ΖΗ·
445 2671 539 2756 λέγω,
563 2674 614 2739 ὅτι
637 2673 777 2738 δοθεῖσα
800 2672 890 2738 ἐστιν
914 2671 1049 2759 ἑκατέρα
1069 2674 1158 2735 τῶν

74 2786 108 2837 ιι
127 2783 199 2862 ΓΕ,
220 2783 295 2843 ΛΖ.

198 2922 223 2970 2.
243 2916 298 2985 ἄρα
317 2922 372 2971 ΚΛ
390 2917 417 2972 b.
481 2925 506 2972 4.
527 2917 583 2971 ἐστι
598 2917 706 2989 (prius)]
726 2917 801 2973 ἐστιν
820 2935 845 2972 v.
916 2922 940 2972 5.
960 2917 1017 2986 ἄρα
1034 2912 1086 2971 ἐστέ
1100 2909 1148 2959 b·

163 3028 205 3077 11.
229 3022 529 3094 παραλληλόγραμμον]
553 3003 616 3093 τρέγῖ
637 3021 773 3092 τρίγωνον
796 3042 827 3091 v3
855 3040 924 3078 corr.
946 3040 1030 3094 supra
1050 3040 1083 3076 m.
1101 3018 1142 3069 9·

164 3098 206 3148 12.
225 3093 357 3162 ἠοξήοθω
375 3112 401 3148 V.
474 3100 511 3166 τῷ
526 3092 668 3168 δεδομένῳ
687 3095 713 3148 b.
787 3100 829 3149 15.
850 3099 970 3149 ΕΒΔΗ
975 3096 1011 3167 Ζ]
1028 3093 1090 3148 Post
1108 3076 1145 3137 Ε

127 3164 192 3218 add.
214 3168 240 3218 Γ
254 3164 319 3218 Vat.
345 3182 381 3218 m.
401 3171 430 3233 2,
449 3165 482 3231 b3
507 3168 650 3219 ΕΒΔΖΗ
664 3183 689 3219 v.
772 3170 814 3220 16.
838 3167 970 3237 γνώμων]
992 3186 1044 3220 -αν
1064 3166 1140 3216 corf·

126 3248 162 3289 ex
179 3254 213 3291 ον
230 3253 267 3289 m.
287 3240 303 3288 2
322 3253 348 3290 v.
425 3233 468 3305 τό]
487 3255 524 3288 τω
542 3235 569 3290 b.
647 3242 688 3290 17.
708 3236 893 3308 τῷ(ο1δ.)]τ6
912 3236 940 3291 b.
1019 3240 1058 3289 19.
1075 3230 1138 3285 {0⁸¹⁶

125 3302 171 3379 δέ]
188 3304 257 3363 ὥστε
274 3304 302 3359 b.
364 3304 437 3359 ἔστιν
451 3323 476 3358 v.
551 3310 596 3359 ΓΑ
614 3338 650 3346 -
668 3312 710 3360 20.
729 3308 797 3379 τῶν]
821 3325 874 3362 om.
894 3308 921 3361 b.
1003 3312 1044 3360 20.·
1064 3288 1135 3361 ἐπ’]

125 3370 201 3435 ἔστιν
218 3394 249 3445 v,
277 3391 331 3430 om.
350 3373 378 3429 b.
468 3381 510 3429 22.
535 3376 835 3449 παραλληλόγραμμον]
859 3395 928 3434 corr.
948 3394 983 3433 ex
1001 3372 1131 3445 tolyoew'

115 3454 198 3552 {2
216 3464 242 3501 ν.
315 3445 347 3500 ιδ
364 3450 424 3500 ΛΗ
439 3445 606 3518 δεδομένον]
625 3465 677 3501 om.
697 3447 724 3501 b.
