2356 3818
85 136 160 192 XLII
454 139 732 193 PROLEGOMENA.

85 279 242 333 finitionem
257 283 272 332 8
291 294 348 332 non
365 278 457 332 minus
477 279 504 333 ei
523 278 714 349 delegauerim
731 295 818 348 quam
831 296 873 348 ea,
892 296 964 348 quae
983 299 1010 349 p.
1020 285 1065 349 80,
1082 286 1099 334 6

84 358 115 412 in
129 359 189 412 cod.
201 374 219 411 a
234 357 318 427 plane
333 357 445 412 abunde
459 375 493 413 ac
507 376 597 428 paene
607 358 702 429 inepte
716 360 816 414 addita
831 363 907 428 sunt,
924 377 1099 429 quamquam

85 438 208 495 concedo
227 438 280 492 hoc
299 437 525 492 additamentum
544 455 642 508 sapere
661 438 831 494 scholiastae
849 439 988 494 fabricam
996 441 1016 510 ¹)
1036 442 1064 509 (c
1092 482 1099 494 .

85 518 171 574 schol.
187 535 227 571 nr.
245 520 298 587 94).
325 517 401 586 quod
419 537 446 587 p.
462 523 504 586 88,
521 523 536 570 7
552 518 672 586 addidit,
691 517 721 572 id
735 518 794 572 iam
806 518 853 572 hic
866 519 1017 573 dicendum
1035 525 1098 574 esse

84 597 194 653 censuit
217 614 322 652 memor
344 597 543 667 propositionis
562 604 596 652 47
620 617 647 667 p.
667 602 715 666 86,
740 604 823 666 8-9;
851 601 902 652 καί
927 598 1098 668 particulam

83 677 196 732 adicere
214 677 347 747 neglexit.

156 765 288 821 Euclides
311 765 465 833 interdum,
494 765 543 819 ubi
565 766 673 835 figurae
697 767 808 821 litteras
831 770 1039 838 exspectamus,
1068 767 1099 822 in

84 847 219 901 uniuersa
234 845 440 916 significatione
449 844 589 899 linearum
603 846 649 899 uel
658 847 810 916 figurarum
821 847 971 916 acquieuit.
990 847 1100 902 ’11166111

83 944 186 999 parum
204 926 234 980 id
253 925 367 979 definite
386 941 548 994 expressum
565 924 658 980 uisum
672 930 728 995 est;
747 944 833 996 quare
848 927 959 981 addidit
972 947 999 997 p.
1011 933 1053 996 52,
1065 934 1100 982 20

85 1008 103 1076 cl
124 1012 176 1061 ΔΑ
193 1003 347 1074 respiciens
364 1005 485 1058 fortasse
505 1006 542 1059 ad
560 1024 586 1074 p.
603 1011 650 1074 62,
665 1013 694 1075 6,
722 1013 879 1077 11.212,14
898 1009 992 1061 autem
1011 1012 1100 1064 ΑΒΓ.

84 1086 174 1154 idem,
202 1086 235 1138 ut
258 1083 456 1154 perspicuitati
480 1085 649 1155 consuleret,
677 1105 703 1155 p.
725 1093 823 1155 20,11
848 1088 879 1142 τὸ
898 1086 966 1141 αὐτὸ
989 1086 1020 1141 τὸ
1039 1092 1100 1158 ΑΒ,

82 1169 218 1237 11.100,9
238 1163 256 1230 ἡ
275 1168 327 1216 ΑΔ
346 1163 537 1232 interpolauit.

156 1252 303 1322 praeuiam
325 1251 532 1306 conclusionem
555 1252 683 1307 additam
705 1254 864 1310 inuenimus
884 1274 911 1324 p.
927 1261 987 1324 106,
1007 1261 1023 1310 9
1047 1256 1098 1311 sal

85 1332 167 1400 λοιπὴ
188 1331 243 1401 ἄρα
263 1331 280 1400 ἡ
296 1332 351 1386 ὑπὸ
365 1341 421 1386 τῶν
436 1335 515 1385 ΓΑΖ
535 1327 592 1386 ἔστι
610 1335 730 1388 δοθεῖσα
749 1335 922 1403 eandemque
940 1342 1101 1405 1113011.

83 1415 232 1484 praeterea
243 1412 359 1480 Theoni,
373 1430 429 1466 non
442 1411 559 1466 librario
573 1412 720 1466 tribuerim
734 1413 960 1468 additamentum
974 1421 1099 1483 11.14,13

84 1493 165 1561 λόγος
187 1492 243 1561 ἄρα
268 1493 316 1546 καὶ
340 1491 422 1546 ὀποῦ
442 1495 466 1546 E
490 1492 559 1560 πρὸς
577 1493 608 1547 τὸ
631 1498 651 1547 Ζ
675 1496 780 1556 danista.
824 1497 853 1548 et
871 1494 943 1548 solet
965 1495 1099 1551 Euclides

83 1571 237 1627 simillimis
256 1571 327 1627 locis
345 1573 399 1627 hac
417 1571 546 1626 uberiore
565 1573 810 1642 argumentatione
829 1573 885 1643 uti,
909 1573 988 1628 uelut
1006 1595 1032 1645 p.
1054 1581 1098 1645 10,

86 1659 204 1722 11-11;
226 1659 267 1722 11,
283 1659 366 1722 6-6;
386 1657 561 1722 1ο,11-18;
582 1659 623 1722 16,
639 1660 722 1723 3-4;
741 1659 783 1723 31,
795 1661 912 1723 11-11;
931 1661 1100 1724 36,16-11,

85 1735 136 1788 sed
156 1733 290 1802 quoniam
308 1734 393 1804 paulo
413 1735 479 1788 ante
498 1736 652 1804 (11.14,11)
671 1735 791 1789 eundem
809 1736 892 1804 quasi
910 1736 1029 1807 gradum
1048 1734 1100 1788 de-

83 1814 299 1869 monstrationis
323 1814 431 1881 omisit,
459 1830 516 1868 non
539 1817 595 1882 est,
624 1831 673 1867 cur
695 1831 841 1884 negemus,
869 1815 1005 1871 hocloco
1031 1830 1098 1868 eum

85 1894 177 1949 eidem
197 1893 334 1948 breuitati
352 1893 501 1962 studuisse,
522 1910 694 1962 quamquam
713 1909 747 1947 ex
764 1893 814 1949 illo
834 1897 940 1964 δοθείς,
959 1892 1034 1963 quod
1049 1892 1096 1947 Pv

82 1976 149 2043 post
174 1978 194 2027 Z
218 1972 246 2043 (l.
270 1975 313 2043 13)
338 1974 461 2042 addunt,
491 1973 654 2042 collegeris,
681 1974 712 2028 in
738 1974 838 2027 horum
866 1976 994 2029 codicum
1023 1973 1098 2028 anti-

84 2053 193 2124 grapho
222 2053 311 2107 uerba
338 2051 417 2121 λόγος
436 2083 469 2092 -
492 2056 512 2105 Ζ
540 2054 655 2122 propter
677 2051 886 2121 ὁμοιοτέλευτον
909 2053 1098 2111 intercidisse.

82 2133 241 2187 membrum
264 2130 488 2186 ratiocinationis
511 2146 609 2200 perse
632 2131 745 2200 quidem
765 2132 884 2198 rectum,
909 2131 959 2184 sed
982 2130 1099 2189 minimo

83 2211 276 2267 necessarium
298 2228 325 2280 p.
346 2216 392 2279 98,
412 2209 650 2279 23iuterpolauit
671 2209 766 2264 uerbis
789 2208 837 2264 lin.
858 2215 890 2262 11
915 2209 949 2278 δὴ
968 2210 999 2264 τὸ
1018 2216 1043 2264 Δ
1067 2213 1100 2268 111

85 2291 117 2347 ol
136 2293 167 2347 rb
187 2298 208 2346 A
227 2289 353 2359 mutatis,
371 2292 522 2360 postquam
540 2309 567 2360 p.
583 2295 626 2358 98,
641 2296 656 2343 7
676 2289 795 2343 eandem
812 2289 969 2343 breuiorem
983 2291 1098 2346 demon-

85 2370 233 2426 strationis
247 2371 368 2424 formam
381 2368 520 2423 intactam
533 2369 649 2437 reliquit
666 2369 725 2439 (cfr.
740 2367 827 2422 etiam
840 2387 868 2438 p.
884 2374 943 2437 104,
958 2373 1011 2442 20).
1039 2389 1099 2427 non

84 2450 176 2522 magis
191 2449 389 2505 additamenta
403 2448 602 2516 desideramus,
622 2464 693 2518 quae
712 2466 739 2518 p.
752 2454 869 2517 168,11;
889 2455 948 2518 176,
959 2455 988 2518 3;
1009 2455 1068 2519 196,
1080 2457 1097 2504 7

83 2531 197 2599 Theon,
216 2529 273 2584 uisi
290 2530 386 2598 fallor,
405 2546 463 2584 non
480 2527 612 2582 librarius
630 2527 793 2585 inculoauit.

161 2623 313 2689 utrumque
344 2616 572 2687 interpolationis
604 2633 691 2687 genus
728 2617 827 2672 eodem
858 2615 920 2672 loco
952 2619 1098 2674 coniunxit

83 2719 111 2771 p.
126 2706 186 2768 161,
201 2706 278 2754 6-1.

154 2805 245 2858 neque
263 2804 330 2842 uero
349 2787 451 2840 desunt
469 2784 533 2854 loci,
552 2784 603 2838 ubi
621 2802 735 2840 causam
754 2786 822 2839 addi
840 2786 939 2842 uoluit.
967 2806 994 2856 p.
1007 2792 1095 2857 148‚4

84 2864 200 2922 causam
217 2884 268 2938 per
288 2868 342 2936 γάρ
362 2864 500 2932 611166111;
528 2882 595 2918 nam
613 2864 709 2919 Theon
732 2865 792 2934 ipse
816 2864 930 2920 δέδοται
948 2865 1016 2936 γάρ,
1039 2885 1098 2922 non

81 2946 199 3012 ,δέδοται
227 2948 295 3016 ἄρα,
326 2946 402 3015 quod
425 2945 444 2999 b
472 2945 572 3013 habet,
601 2945 745 3014 scripsisse
772 2947 915 3015 putandus
944 2948 995 3001 est.
1040 2947 1097 3002 huc

83 3026 187 3082 referre
218 3026 286 3081 licet
312 3043 339 3095 p.
365 3029 428 3094 170,
453 3029 607 3094 16-171,
631 3031 660 3093 33
697 3025 841 3081 Thecuem
871 3026 945 3080 enim
973 3025 1098 3081 arbitror

83 3108 173 3163 uerba
189 3125 216 3177 p.
233 3110 292 3175 171,
309 3112 324 3158 1
343 3104 462 3175 61116111
482 3105 662 3161 ΓΒ-1111.2
682 3109 734 3159 ΒΔ
752 3105 783 3158 in
802 3104 955 3174 exemplari
974 3121 1024 3159 suc
1038 3123 1098 3160 non

85 3244 301 3255 ——u———o

157 3329 183 3400 1)
201 3325 279 3382 Alibi
296 3343 407 3396 quoque
426 3326 562 3382 scholium
581 3328 632 3381 aut
649 3342 715 3397 pars
734 3326 835 3380 scholii
848 3326 894 3379 uel
912 3326 1095 3397 glossematis

78 3394 453 3525 ilnm'l'hgeorpipssorsnnppextum
461 3397 606 3469 irrepsisse
616 3397 735 3465 uidetur,
750 3397 829 3451 uelut
842 3417 868 3467 p.
878 3404 920 3466 66,
930 3404 975 3466 1ος
992 3403 1052 3466 166,
1064 3405 1096 3468 9;

137 3512 145 3541 1
182 3512 189 3540 1
261 3513 269 3540 1
301 3513 309 3540 1
360 3513 366 3524 “
