2356 3818
120 123 167 188 40
526 127 728 177 AEAOMENA.

596 310 659 350 ιιοι.

189 400 268 466 Ἐὰν
291 395 311 486 ᾗ
335 402 397 465 δύο
420 401 542 485 μεγέθη
567 401 736 485 δεδομένα,
759 400 814 466 καὶ
834 407 1008 487 προστεθῇ
1029 402 1141 479 αὐτοῖς

124 506 249 591 μεγέθη
271 509 354 593 πρὸς
376 509 501 590 ὅλληλοι
524 510 624 590 λόγον
652 511 768 592 ἔχοντα
791 504 1060 592 δεδομένον,’τδ
1084 510 1140 575 ὅλα

125 616 209 699 πρὸς
237 615 360 696 ὅλληλοι
388 615 460 696 ὅτοι
489 617 589 696 λόγον
616 612 679 691 έξει
708 612 885 698 δεδομένον
914 612 935 697 ἢ
962 615 1004 680 τὸ
1029 613 1142 702 ἕτερον

91 735 107 782 5
128 729 190 785 τοῦ
214 718 328 804 ἑτέρου
351 719 487 784 δοθέντι
510 721 620 803 μεῖζόν
643 718 732 784 έστιν
755 719 775 802 ἢ
799 719 834 785 έν
857 722 953 807 λόγῳ.

193 830 276 892 ἔστω
301 827 362 890 δύο
386 824 509 910 μεγέθη
533 824 692 908 δεδομένα
714 826 754 889 τὰ
772 829 849 909 ΑΒ,
868 827 939 909 ΓΔ,
961 824 1023 891 καὶ
1040 820 1141 913 1⁸00«-

125 937 251 998 ιιείσθω
275 932 388 1008 αὐτοῖς
410 930 533 1016 μεγέθη
557 932 597 995 τδι
615 937 691 1015 ΛΕ,
711 934 773 995 ΓΖ
796 933 896 1014 λόγον
919 933 1044 1015 ἔχοντα
1061 934 1141 1020 πρὸς

126 1041 253 1121 ὅλληλοι
276 1036 467 1122 δεδομένον·
492 1036 586 1120 λέγω,
610 1037 659 1102 ὅτι
682 1039 722 1101 τδι
745 1038 805 1102 ὅλοι
823 1038 863 1102 τὰ
881 1041 955 1121 ΕΒ,
970 1042 1039 1103 ΖΔ
1059 1041 1142 1125 πρὸς

127 1147 254 1227 ὅλληλοι
281 1146 354 1227 ἤτοι
382 1147 483 1226 λόγον
509 1142 571 1221 ἕξει
600 1143 793 1228 δεδομένον,
825 1143 845 1226 ἢ
872 1145 909 1209 τὸ
936 1141 1058 1231 ἕτερον
1083 1154 1142 1211 τοῦ

72 1265 108 1313 10
125 1249 240 1336 ἑτέρου
265 1252 399 1315 δοθέντι
422 1252 531 1334 μεῖζόν
554 1248 642 1314 ἐστιν
666 1249 686 1332 ἢ
710 1249 745 1315 έν
768 1253 864 1336 λόγῳ.

196 1354 265 1421 έιιελ
284 1359 346 1441 γὰρ
366 1355 470 1421 δοθέν
489 1355 578 1421 ἐστιν
598 1355 751 1442 ἑκάτερον
769 1367 836 1421 τῶν
854 1360 930 1440 AB,
945 1359 1021 1441 ΓΔ,
1046 1360 1141 1441 λόγος

125 1465 191 1546 ὅροι
214 1471 274 1527 τοῦ
297 1467 362 1527 AB
385 1464 468 1547 πρὸς
489 1464 527 1527 τὸ
552 1465 612 1526 ΓΛ
635 1452 756 1539 δοθεές.
803 1530 807 1537 ,

194 1566 250 1633 καὶ
273 1571 304 1633 εἰ
324 1564 384 1653 μὲν
407 1568 425 1634 δ
449 1568 548 1644 αὐτός
571 1567 638 1633 ἐστι
661 1578 706 1655 τῷ
730 1578 790 1633 τοῦ
808 1574 876 1633 ΕΑ
897 1570 981 1654 πρὸς
1004 1573 1047 1636 τὸ
1072 1575 1140 1655 ΓΖ,

126 1678 217 1740 ἔσται
236 1672 291 1740 καὶ
310 1675 390 1741 ὅλου
408 1685 467 1740 τοῦ
482 1680 545 1740 ΕΒ
569 1677 651 1761 πρὸς
670 1676 749 1740 ὅλον
766 1678 803 1741 τὸ
819 1682 880 1740 ΖΛ
898 1679 995 1758 λόγος
1017 1679 1139 1755 δοθείς.

76 1798 110 1846 15
195 1785 226 1846 εἰ
247 1779 284 1847 δέ
308 1783 362 1866 οὔ,
392 1783 584 1867 πεποιήσθω
608 1782 652 1858 ὡς
675 1783 712 1846 τὸ
735 1787 804 1847 ΑΕ
824 1784 907 1868 πρὸς
929 1784 1008 1867 ΓΖ,
1039 1785 1141 1861 οὕτως

128 1890 166 1953 τὸ
190 1892 260 1953 HA
282 1890 364 1972 πρὸς
386 1891 423 1952 τὸ
448 1892 520 1952 ΓΔ·
545 1890 642 1969 λόγος
665 1889 728 1972 ὅροι
751 1897 811 1952 τοῦ
831 1892 897 1953 HA
919 1890 1002 1974 πρὸς
1025 1893 1066 1956 τὸ
1085 1892 1140 1956 ΓΔ

129 1995 254 2070 δοθείς.
292 1991 396 2059 δοθέν
414 1989 450 2057 δὲ
468 1995 505 2057 τὸ
521 1997 594 2057 ΓΔ·
619 1990 722 2058 δοθέν
745 1995 809 2079 ὅροι
831 1992 886 2058 καὶ
904 1995 940 2058 τὸ
958 1998 1040 2062 HA.
1077 2000 1140 2063 ἔστι

132 2096 170 2164 δὲ
193 2098 308 2164 καὶτὸ
331 2103 397 2164 AB
425 2097 541 2163 δοθέν·
573 2097 628 2163 καὶ
651 2101 768 2164 λοιιιὸν
793 2101 856 2185 ὅροι
879 2101 916 2165 τὸ
939 2104 1008 2165 ΗΒ
1040 2101 1140 2169 δοθέν

129 2205 229 2270 έστιν.
274 2204 330 2269 καὶ
353 2205 425 2270 εἰτεί
445 2204 534 2269 ἐστιν
557 2205 601 2282 ὡς
624 2207 660 2270 τὸ
684 2211 751 2270 EA
773 2207 856 2291 πρὸς
879 2208 950 2289 ΖΓ,
974 2207 1085 2287 οὕτως
1104 2208 1140 2273 τδ

75 2327 111 2375 20
128 2315 206 2376 AH
224 2312 362 2397 πρὸςτὸ
382 2314 452 2395 ΓΔ,
474 2309 529 2375 καὶ
548 2312 627 2376 ὅλου
650 2320 710 2375 τοῦ
729 2316 805 2375 ΕΗ
823 2313 906 2397 πρὸς
924 2312 1004 2379 ὅλον
1023 2317 1064 2381 τὸ
1083 2318 1140 2380 ΖΔ

132 2421 232 2500 λόγος
260 2416 328 2482 ἐστὶ
356 2419 477 2494 δοθείς.
532 2416 586 2482 καὶ
614 2415 717 2482 δοθέν
744 2419 781 2481 τὸ
805 2421 887 2481 ΗΒ·
924 2419 961 2483 τὸ
984 2423 1051 2484 ΕΒ
1080 2422 1140 2505 ἅμα

132 2529 280 2591 τοῦ.ΖΔ
303 2523 438 2590 δοθέντι
460 2528 569 2610 μεῖζόν
593 2523 682 2589 ἐστιν
705 2522 725 2606 ἢ
749 2522 784 2588 ἐν
807 2526 903 2611 λόγῳ.

602 2664 665 2748 νβ’,

193 2781 271 2847 Ἐὰν
280 2783 342 2847 δύο
352 2781 474 2866 μεγέθη
488 2784 571 2865 πρός
585 2805 616 2844 τι
626 2779 766 2864 μέγεθος
775 2784 875 2864 λόγον
885 2784 940 2866 ἔχη
951 2780 1140 2868 δεδομένον,
1158 2762 1164 2777 ⁸

77 2901 114 2950 25
131 2887 238 2954 καὶτὸ
253 2890 505 2973 συναμφότερον
518 2888 601 2972 πρὸς
614 2888 651 2951 τὸ
666 2887 747 2951 αὐτὸ
761 2890 862 2970 λόγον
876 2884 938 2965 ἕξει
952 2888 1141 2974 δεδομένον.

133 3117 192 3172 τις
203 3043 447 3170 Βὸὅοῖέχὸτα
461 3043 535 3166 ’ὅὸ
544 3042 647 3168 {HM
665 3045 683 3113 β
685 3086 725 3167 '10
753 3043 990 3186 ὅέέίλὸιιιὸ
1004 3048 1077 3170 ff]
1094 3050 1143 3173 ’ὅ

131 3160 225 3242 AER.
283 3190 377 3241 ZPa
437 3189 479 3238 14.
494 3135 559 3257 λέ]
581 3157 628 3238 ZA
644 3157 744 3254 Pvat'.,
766 3201 834 3239 corr.
848 3185 995 3240 ΝΜ.
1030 3158 1142 3260 'Myocj

131 3275 186 3313 om.
206 3275 232 3312 a.
302 3261 342 3310 15.
363 3258 415 3309 ΕΑ
433 3255 503 3322 πρὸς
520 3256 551 3311 τὸ
573 3259 626 3310 ΖΓ
641 3273 665 3309 ο.
736 3261 776 3310 16.
796 3256 911 3311 καὶτοῦ
930 3261 990 3311 ΑΗ
1005 3275 1031 3313 a.
1103 3264 1141 3314 Π.

130 3333 191 3383 ΛΗ
202 3345 251 3383 va.
308 3326 380 3381 ἔστιν
394 3343 420 3379 v.
477 3332 518 3380 19.
534 3326 590 3381 ἐστι
599 3326 700 3395 (pn'ore
710 3326 782 3397 loeo)
797 3327 877 3382 codd.
931 3325 1143 3401 nal-ww}

132 3417 187 3454 om.
207 3416 232 3453 a.
299 3403 340 3451 19.
359 3397 390 3452 τὸ
412 3400 466 3451 ΖΓ
484 3397 548 3452 vat.
618 3403 659 3451 20.
678 3397 709 3452 τό
720 3399 792 3469 (pr.)]
812 3415 865 3453 om.
880 3416 905 3452 v.
969 3404 1013 3454 21.
1029 3399 1105 3457 ἐστίν
1117 3418 1141 3453 τ.

167 3475 211 3524 24.
224 3468 280 3540 ἔχει
288 3486 315 3539 v,
326 3468 374 3523 sed
385 3468 433 3523 alt.
446 3487 458 3523 ε
469 3485 538 3524 eras.
584 3474 625 3523 νδ.
635 3468 667 3522 τό
678 3470 751 3540 (pr.)]
762 3471 845 3540 omfl.
891 3468 922 3524 τό
928 3469 1012 3543 (alt.)]
1023 3472 1141 3528 om.Vat.
