2356 3818
119 145 167 210 48
483 135 490 145 ⁴
526 146 730 197 ΔΕΔΟΜΕΝΔ.

122 293 209 355 ἔστω
232 300 271 375 τῇ
294 286 396 354 θέσει.
433 286 527 372 λέγω,
546 289 596 354 ὅτι
620 287 752 354 δέδοται
774 287 794 371 ἡ
813 292 879 352 AB
903 297 945 374 τῇ
965 288 1067 356 θέσει
1088 285 1137 355 πει]

121 406 172 485 τῷ
195 395 337 480 μεγέθει.
1166 424 1169 429 ·

193 504 224 566 εί
240 502 302 588 γὰρ
318 501 475 587 μένοντος
488 511 548 567 τοῦ
563 508 596 567 A
609 513 833 587 μεταπεσεῖται
845 510 905 586 τῆς
919 507 992 581 AB
1008 504 1138 580 εὐθείας
1167 532 1169 543 ·

126 610 201 691 ἤτοι
232 607 252 690 ἡ
280 609 375 685 θέσις
403 608 423 692 ἢ
451 611 487 674 τὸ
515 608 669 694 μέγεθος,
701 620 926 694 μεταπεσεῖται
958 609 1021 676 καί
1048 612 1136 677 M

87 726 271 799 εσημεῖον.
308 717 348 781 οὐ
367 719 557 800 μεταπίπτει
575 713 620 779 δέ.
662 713 794 780 δέδοται
812 717 876 802 ἄρα
893 714 914 798 ν]
934 721 1008 782 ΑΒ
1027 719 1136 784 εὐθεῖα

124 831 166 906 τῇ
188 820 282 887 θέσει
304 821 359 887 καί
382 833 427 910 τῷ
450 819 591 906 μεγέθει.

602 998 659 1077 κζ’.

191 1123 268 1188 Ἐὰν
295 1124 428 1199 εὐθείας
460 1132 610 1208 γραμμῆς
640 1133 679 1208 τῇ
711 1121 804 1188 θέσει
835 1121 890 1187 καὶ
921 1133 970 1213 τῷ
1007 1127 1132 1210 μεγέθει

128 1229 307 1315 δεδομένης
338 1232 374 1294 τὸ
403 1231 440 1294 ἓν
466 1228 567 1315 πέρας
593 1225 697 1294 δοθὲν
724 1223 759 1315 ᾖ,
791 1227 846 1294 καὶ
872 1214 910 1295 τὸ
938 1228 1060 1319 ἕτερον
1086 1233 1131 1297 δο

72 1356 109 1404 10
128 1338 276 1418 θήσεται.
794 1336 799 1343 ’

196 1442 328 1520 εὐθείας
360 1444 422 1528 γὰρ
455 1451 604 1527 γραμμῆς
640 1452 679 1528 τῇ
708 1442 803 1508 ’θέσει
839 1440 894 1507 καί
925 1451 973 1531 τῷ
1009 1444 1130 1530 μεγέθει

129 1549 307 1634 δεδομένης
338 1559 396 1633 τῆς
423 1553 487 1613 AB
520 1550 557 1613 τὸ
589 1549 626 1613 ἓν
652 1547 753 1633 πέρας
780 1550 816 1614 τὸ
845 1554 876 1612 A
909 1546 1020 1616 δοθὲν
1051 1554 1129 1617 ἔστα

121 1655 224 1740 λέγω,
248 1657 298 1721 ὅτι
321 1654 376 1721 καὶ
399 1657 435 1721 τὸ
459 1660 487 1720 Β
511 1653 615 1719 δοθέν
639 1655 737 1720 ἐστιν.

196 1766 228 1828 εί
248 1764 311 1849 γὰρ
335 1761 492 1848 μένοντος
514 1770 574 1826 τοῦ
593 1766 625 1824 A
648 1765 784 1845 σημείου
807 1775 1040 1845 μεταπεσεῖται
1058 1762 1128 1830 τδδ

73 1864 109 1935 15
129 1882 279 1954 σημεῖον,
307 1881 531 1955 μεταπεσεῖται
558 1871 622 1952 ἄρα
649 1866 704 1932 καὶ
731 1877 788 1952 τῆς
811 1873 876 1933 AB
904 1869 1045 1948 εὐθείας
1069 1872 1142 1953 ἦτα.

128 1975 268 2058 ἡθέσις
290 1975 310 2058 ν]
333 1977 370 2040 τὸ
394 1973 542 2058 μέγεθος.
584 1974 623 2039 οὐ
647 1978 835 2058 μεταπίπτει
858 1973 905 2039 δέ.
947 1973 1056 2041 δοθὲν
1077 1976 1128 2059 νἰρί

129 2079 200 2146 ἐστὶ
223 2083 260 2146 τὸ
283 2085 311 2145 Β
335 2092 478 2165 σημεῖον.

601 2247 664 2306 κη.

195 2345 270 2412 Ἐὰν
294 2348 349 2412 διὰ
372 2346 551 2432 δεδομένου
575 2351 711 2431 σημείου
734 2347 822 2431 παρὰ
844 2343 938 2412 θέσει
957 2345 1128 2433 δεδομένην

71 2469 112 2518 20
132 2453 269 2519 εὐθεῖαν
296 2454 411 2519 εὐθεῖα
437 2455 569 2540 γραμμὴ
597 2453 700 2538 ἀχθῇ,
732 2451 864 2518 δέδοται
891 2452 911 2535 ἡ
936 2451 1127 2536 ἀχθεῖσαι]

130 2559 232 2626 θέσει.
989 2567 994 2575 ’

198 2669 254 2732 διὰ
272 2669 334 2753 γὰρ
354 2664 535 2751 δεδομένου
553 2668 689 2750 σημείου
708 2674 767 2730 τοῦ
781 2670 814 2729 A
836 2664 925 2748 παρὰ
938 2661 1037 2731 θέσει
1051 2664 1127 2730 δεδο

128 2774 235 2859 μένην
258 2774 394 2839 εὐθείαν
416 2774 477 2857 τὴν
494 2774 562 2838 ΒΓ
580 2771 695 2837 εὐθεῖα
718 2772 848 2857 γραμμὴ
871 2771 968 2854 ἤχθω
987 2770 1011 2854 ἡ
1030 2770 1127 2838 ΔΑΕ

57 2928 61 2937 -
132 2880 228 2970 λέγει,
251 2880 302 2944 ὅτι
325 2877 498 2961 δέδοταιὴ
521 2883 623 2943 ΔΑΕ
643 2887 682 2963 τῇ
705 2876 806 2942 θέσει.

74 2997 114 3050 25
200 2988 232 3049 εί
253 2986 315 3070 γὰρ
341 2988 399 3069 μη,
427 2983 583 3068 μένοντος
609 2992 668 3048 τοῦ
691 2990 723 3048 A
750 2985 886 3068 σημείου
912 2994 1128 3065 μεταπεσεῖται

206 3218 230 3266 1.
255 3210 321 3265 ἔστω
343 3219 376 3282 τῇ
394 3207 485 3280 θέσει]
509 3226 561 3264 om.
582 3227 607 3264 a.
698 3210 775 3281 ἔστω]
801 3208 921 3264 ἔστωσαν
944 3226 972 3264 v.
1065 3202 1129 3345 δη]

129 3300 224 3338 -οααε,
281 3288 304 3336 5.
323 3281 352 3352 η]
369 3298 452 3350 supra
467 3297 517 3336 scr.
530 3299 565 3335 m.
582 3287 596 3334 1
613 3299 639 3335 v.
694 3280 805 3352 εὐθεῖα]
820 3296 910 3335 οιαε..
968 3285 994 3336 9.
1009 3278 1120 3349 δοθέν]

129 3356 211 3426 δοθῇ
229 3356 254 3425 β.
332 3351 496 3424 δοθήσεται]
515 3350 604 3407 δοθὲν
624 3351 699 3407 ἔσται
717 3353 742 3422 β.
775 3358 778 3364 ’
822 3356 864 3405 11.
883 3352 1028 3427 γραμμῆς]
1047 3370 1096 3408 σοι.
1109 3362 1128 3399 ῖ·

916 3420 923 3441 ἱ

171 3431 213 3480 12.
233 3424 299 3480 ἔστω
332 3423 451 3479 ἔστωσαν
469 3441 495 3492 v,
515 3423 568 3478 del.
589 3442 641 3478 σαν
659 3441 695 3478 m.
710 3428 736 3477 2.
793 3428 835 3476 14.
854 3421 1049 3551 είγαιρῂμμὶαα.
1079 3422 1128 3563 21¹³:

1015 3514 1069 3565 ,α

123 3495 295 3565 μεταπίπτει
321 3504 516 3568 μεταπεσεῖται
530 3512 556 3551 a.
616 3501 658 3550 U.
676 3494 740 3562 θεας.
753 3493 904 3548 demonstr.
