2356 3818
76 168 140 223 LIV
446 167 734 220 PROLEGOMENA..

80 311 96 365 ὁ
112 312 266 377 Εὐκλείδης
279 306 396 364 δοθέντι
409 311 503 379 μεῖζον
511 309 530 378 ¹)
545 305 562 376 ἢ
578 302 608 361 ἕν
623 306 702 379 λόγῳ,
730 307 877 376 praeterea
886 303 1041 359 scholiasta
1050 303 1090 357 V²

80 389 111 443 in
128 389 337 444 Elementorum
355 388 458 443 librum
481 405 565 457 quem
586 387 680 441 ferunt
703 385 841 440 decimum
865 385 995 454 quintum
1013 383 1089 437 Data

82 468 127 523 bis
151 468 255 523 adfert:
280 471 308 522 et
331 468 367 520 ad
389 467 445 521 uol.
460 468 486 522 V
503 488 530 537 p.
546 472 594 535 58,
610 472 643 520 11
668 464 782 521 δέδοται
800 465 848 520 καλ
871 465 889 533 ἡ
912 470 965 518 ΒΔ
994 465 1023 519 et
1052 463 1090 517 ad

80 567 108 618 p.
124 554 167 618 60,
182 554 215 601 22
234 555 283 617 τῆς
296 553 349 601 ΒΔ
368 545 522 623 δεδομένης
540 546 659 600 adnotat
678 545 726 599 διὰ
742 545 773 600 τὸ
787 545 835 618 μβ’
851 553 906 598 τῶν
920 544 1090 612 Δεδομένων

82 628 245 684 Εὐκλείδου.
275 627 381 684 saeculi
400 628 502 683 decimi
520 626 615 696 quarti
632 625 752 696 insignis
771 625 852 680 testis
869 628 913 680 est
925 625 1089 681 Theodorus

81 708 249 777 Metochsta,
277 709 327 777 qui
355 707 621 778 εΊῑσομνηματισμιῖιν
648 726 675 776 p.
698 711 748 760 108
776 706 819 760 ed.
843 705 987 776 Kiessling
1014 705 1090 760 inter

80 787 206 842 Euclidis
220 788 307 842 libros
321 787 397 840 Data
410 786 544 839 nominat.
573 785 649 840 idem
668 786 781 857 (Sathas
800 785 969 856 μεσαιωνικὴ
985 787 1090 858 βιβλιο-

80 868 158 936 θήκη
177 869 191 922 Ι
207 888 233 939 p.
250 867 306 937 (ιγ’)
321 865 398 934 dicit,
417 867 568 934 postquam
581 865 737 920 Ptolemaei
749 865 945 935 Almagestum
963 864 1091 933 adiisset,

81 947 253 1002 intellexisse
268 963 306 1014 se,
326 962 390 999 eum
404 944 463 998 sine
477 944 608 1000 interiore
623 945 841 1000 mathematicae
855 944 1016 1015 cognitione
1032 945 1092 1016 legi

82 1044 140 1082 non
156 1044 252 1097 posse3
280 1025 381 1079 deinde
400 1026 436 1094 (p.
452 1024 510 1095 ρδ’)
527 1025 633 1096 pergit:
660 1024 760 1079 τούτοο
780 1044 827 1092 μοι
845 1033 894 1079 τού
914 1032 1021 1079 σκοποῦ
1042 1024 1091 1078 καὶ

83 1116 132 1161 τού
151 1107 241 1161 πόνον
259 1105 277 1174 ἡ
296 1113 345 1174 τῆς
362 1112 545 1174 γεωμετρικῆς
561 1101 685 1175 θεωρίας
704 1103 743 1166 είς
761 1102 837 1167 τέλος
856 1102 971 1175 ἔρευνα,
991 1102 1044 1172 dor]
1063 1123 1092 1159 τε

85 1183 116 1242 ἐν
140 1183 284 1247 ἐπιπέδοις
306 1185 445 1256 Εὐκλείδῃ
469 1193 653 1254 στοιχειούται
680 1184 729 1238 κα)
751 1181 800 1252 ὅση
827 1179 858 1238 ἒν
882 1190 1015 1255 στερεοῖς,
1044 1184 1093 1240 καὶ

84 1266 139 1336 μὴν
159 1263 200 1319 ἔτι
217 1264 266 1319 καὶ
285 1263 354 1318 ἅττα
372 1270 409 1336 τῷ
428 1265 511 1335 ἀνδρὶ
528 1266 775 1334 προσεξείργασται
794 1263 940 1318 ducencies
959 1264 1008 1318 καὶ
1028 1284 1093 1318 κατ-

85 1343 204 1413 οπτρικίι
226 1343 275 1397 καὶ
299 1342 469 1414 δεδομένα
492 1343 541 1397 καὶ
559 1343 594 1397 τὰ
612 1344 677 1412 περὶ
694 1352 749 1397 τῶν
767 1342 831 1398 κατ’
848 1344 970 1413 οὐρανὸν
990 1363 1094 1412 φαινο-

54 1481 55 1485 ,
84 1422 189 1494 μένων,
218 1424 336 1493 ὡσπερεὶ
358 1422 492 1494 πρόδοροὶ
509 1443 572 1476 τινα
595 1432 683 1477 ταῦτα
707 1424 755 1477 καλ
777 1424 917 1492 προαύλια
939 1432 995 1478 τῶν
1015 1420 1095 1488 ἐντὸς

84 1502 250 1574 ἀπορρήτων
268 1524 297 1558 τε
316 1504 365 1557 καὶ
383 1503 494 1558 ὐιδύτων
512 1504 704 1573 ἀστρονομίας.

156 1583 211 1638 Sed
228 1583 401 1638 redeundum
419 1585 463 1637 est
481 1583 519 1636 ad
537 1583 679 1637 saeculum
699 1583 736 1652 X,
762 1600 817 1651 quo
836 1585 910 1638 Data
929 1584 966 1638 ad
984 1585 1094 1641 Arabes

84 1680 148 1718 curn
166 1664 266 1718 ceteris
280 1662 361 1718 libris
380 1663 440 1718 eius
454 1663 629 1718 collectionis
643 1666 837 1733 peruenerunt,
857 1681 929 1733 quae
946 1681 965 1718 a
978 1664 1094 1721 Graecis

85 1743 100 1797 ὁ
124 1744 221 1815 μικρὸς
245 1743 527 1813 ἀστρονομούμενος’)
552 1743 751 1813 adpellabatur
772 1745 802 1798 et
824 1760 897 1812 quae
918 1745 1010 1800 maior
1027 1762 1093 1816 pars

87 1825 148 1877 erat
167 1840 261 1877 eorum
280 1823 423 1892 librorum,
443 1840 513 1892 quos
527 1823 634 1877 Arabes
652 1825 796 1878 uocabant
809 1823 1030 1895 intermedios⁸).
1062 1842 1096 1882 ac

85 1903 193 1973 primus
216 1903 330 1973 quidem
353 1904 434 1957 Ishac
453 1903 508 1956 ben
525 1902 636 1956 Honein
659 1903 770 1958 saeeX
794 1903 869 1957 Data
891 1903 1094 1974 interpretatus

84 1983 141 2049 est3
160 1998 223 2034 eam
243 1985 337 2036 autom
354 1981 614 2052 interpretationem
632 1981 713 2037 breui
730 1985 795 2052 post
813 1984 976 2039 emendarit
989 1984 1096 2041 Thabit

85 2061 142 2114 ben
158 2060 262 2115 Corrah
281 2064 311 2115 et
328 2078 400 2117 saec.
414 2061 480 2114 XIH
497 2061 662 2132 recognouit
680 2062 942 2132 commentariisque
961 2064 1096 2121 instruxit

86 2139 238 2195 Nasiredin
251 2140 327 2195 Tusi.
356 2141 391 2195 de
405 2141 482 2195 fonte
498 2140 581 2194 huius
599 2141 839 2212 interpretationis
858 2145 887 2197 et
905 2144 940 2197 de
954 2144 1095 2201 editorum

87 2219 222 2274 subsidiis
244 2220 317 2274 nihil
339 2221 409 2275 certi
430 2220 539 2274 adferre
557 2238 684 2291 possum,
708 2237 771 2274 cum
789 2222 900 2276 codices
917 2222 996 2292 ipsos
1016 2226 1095 2281 adire

87 2299 159 2353 mihi
176 2317 233 2354 non
246 2299 370 2368 licuerit;
389 2299 461 2354 illud
473 2302 571 2354 tamen
584 2300 697 2354 uidetur
710 2300 770 2354 neri
785 2300 967 2372 simillimum,
987 2304 1095 2363 Arabes

84 2379 247 2435 recensione
261 2379 381 2450 uulgari,
395 2397 452 2434 non
465 2379 587 2435 Theonis
601 2398 666 2435 usos
681 2397 754 2449 esse;
773 2399 800 2437 u.
814 2381 882 2452 Haji
895 2382 1001 2438 Khalfa
1015 2384 1095 2441 Lexi-

86 2474 139 2512 con
161 2458 292 2531 bibliogr.
317 2458 359 2515 ed.
379 2458 495 2530 Fluegel
513 2460 539 2514 V
560 2479 588 2529 p.
604 2466 656 2514 154
678 2479 719 2515 nr.
736 2466 835 2516 10511:
862 2461 1000 2519 ‘Euclidis
1024 2465 1096 2522 liber

87 2536 218 2592 datorum
231 2571 274 2594 -.
303 2541 368 2592 sunt
385 2539 541 2610 nonaginta
559 2539 682 2608 quinque
700 2541 828 2610 figurae,
850 2544 935 2611 atque
952 2542 1051 2600 Nicoll
1069 2547 1096 2602 et

87 2615 180 2688 Pusey
197 2618 266 2673 bibl.
285 2618 430 2673 Bodleian.
450 2620 530 2674 codd.
550 2638 616 2675 mss.
635 2619 733 2677 orient.
753 2621 874 2693 catalog.
893 2622 932 2691 II,
956 2623 1008 2678 ubi
1030 2626 1095 2681 inde

87 2713 106 2752 a
128 2716 155 2768 p.
176 2702 227 2752 257
251 2697 357 2768 scripta
380 2701 590 2769 enumerantur,
617 2717 689 2769 quae
713 2700 810 2756 codice
833 2707 885 2755 279
908 2702 1096 2775 continentur,

86 2796 114 2847 p.
130 2783 194 2833 260:
216 2777 299 2832 ‘liber
318 2777 468 2848 singularis
487 2778 623 2834 Datornm
641 2779 774 2851 Euclidis‚
795 2781 840 2834 cui
859 2782 1005 2838 schemata
1023 2786 1079 2840 95’.

161 3000 187 3069 1)
207 2997 252 3053 Sic
270 3015 321 3068 pro
343 2997 459 3054 δοθέντι
478 2999 563 3063 οὕτως
587 3001 751 3072 (‘ambiguo
770 3003 950 3073 compendio'
971 3004 1097 3078 Diibner)

88 3066 240 3139 legendum
258 3085 318 3123 esse
336 3071 446 3125 monuit
463 3071 587 3142 Heiberg
605 3072 723 3126 Studien
741 3092 768 3142 p.
784 3079 849 3139 22&
868 3092 894 3128 u.
911 3073 965 3129 def.
981 3082 1026 3133 11.

163 3141 190 3209 2)
207 3140 241 3195 U.
255 3140 368 3211 Pappus
386 3161 413 3212 p.
429 3148 494 3210 474;
513 3142 659 3197 Fabricius
677 3143 750 3197 Bibl.
766 3144 811 3199 Gr.
826 3145 866 3199 IV
883 3164 910 3214 p.
927 3151 973 3213 163
995 3146 1097 3205 Cantor

88 3208 255 3266 Geschichte
274 3211 300 3266 d.
320 3212 408 3266 Math.
428 3213 482 3282 (ed.
496 3217 548 3284 pr.)
565 3214 579 3267 1
596 3234 623 3285 p.
639 3219 699 3268 380.

159 3284 187 3351 8)
205 3281 238 3337 U.
254 3281 338 3337 Gartz
358 3283 393 3337 de
405 3284 531 3338 Euclidis
548 3284 662 3355 interpr.
678 3288 706 3340 et
719 3285 829 3355 explan.
843 3287 942 3355 Arab.;
962 3288 1096 3348 Wenrich

87 3351 124 3408 de
151 3356 224 3408 auct.
250 3353 346 3409 Graec.
370 3371 455 3410 ueras.
484 3358 513 3409 et
541 3359 719 3410 commentar.
745 3357 849 3426 Syriae.
873 3358 972 3428 Arab.;
1008 3362 1095 3420 Stein-

83 3423 236 3479 schneider
256 3424 390 3480 Zeitschr.
409 3427 428 3481 f.
447 3426 535 3484 Math.
555 3445 581 3481 u.
601 3427 684 3496 Phys.
704 3427 729 3481 X
747 3447 774 3498 p.
789 3435 930 3483 ree-498
955 3434 984 3486 ct
1008 3432 1095 3490 XXXI

67 3490 139 3548 Ιὶίσί.
158 3494 228 3551 Att.
246 3516 275 3568 p.
294 3503 354 3553 102.
