2356 3818
129 130 197 193 254
295 130 426 181 MARINI
443 130 665 182 PHILOSOPHI
684 128 969 181 COMMENTARIUS

129 275 258 359 εὕρεσις
285 272 305 355 ή
334 274 494 348 ἀνάλυσις
524 270 580 336 καὶ
607 273 696 348 ὅπως
719 250 805 357 πρὸς
832 270 966 356 εὕρεσιν
993 280 1049 355 τής
1073 281 1132 335 τῶν

129 380 254 463 ὁμοίων
282 379 479 457 ἀποδείξεως
505 377 586 462 ἡμῖν
614 377 836 461 συμβάλλεται
868 376 924 442 καὶ
957 377 1007 443 ὅτι
1034 379 1131 462 μεῖζόν

130 485 198 551 ἐστι
231 486 268 550 τὸ
301 485 446 568 δύναμιν
478 484 681 569 άναλυτικήν
712 486 899 567 κτήσασθαι
931 492 993 548 τοῦ
1021 484 1131 558 πολλάς

130 591 312 669 ἀποδείξεις
334 602 402 656 τῶν
427 590 479 657 ἐπὶ
502 589 624 676 μέρους
646 593 742 675 ἔχειν.

96 714 111 761 5
198 701 245 774 είς
271 698 378 774 πάσας
401 701 518 762 τοίνυν
542 698 601 774 τὰς
623 697 778 772 τοιαύτας
801 695 981 780 ἐπιστήμας
1002 697 1130 781 χρησίμη

130 801 214 870 οὖσα
242 805 262 887 ἡ
289 801 365 887 περὶ
393 812 453 867 τοῦ
477 787 659 886 δεδομένου
681 805 823 888 θεωρία,
857 801 987 888 ἐπείπερ
1014 800 1068 867 καὶ
1092 802 1130 876 είς

130 911 293 975 ἀνάλυσιν
321 908 403 994 μέγα
431 909 667 993 συμβάλλεται,
694 911 828 985 εἰκότως
856 907 898 973 ἀν
920 908 1039 992 ῥηθείη
1062 906 1128 972 ἀνά-

129 1022 250 1098 γεσθαι
278 1016 339 1098 οὐχ
370 1015 434 1080 ὑπὸ
463 1018 543 1098 μίαν
571 1016 646 1080 τινὰ
673 1015 870 1099 ἐπιστήμην,
901 1013 977 1080 ἀλλ’
1005 1016 1051 1090 είς
1078 1014 1128 1096 τήν

129 1125 280 1186 καθόλου
312 1119 493 1204 λεγομένην
525 1124 769 1205 μαθηματικήν.
824 1121 908 1204 αὕτη
942 1119 982 1186 δέ
1006 1118 1127 1201 έστινή

77 1240 110 1287 10
128 1231 208 1311 περί
223 1250 257 1289 τε
275 1228 388 1309 πλήθη
408 1225 462 1291 καὶ
476 1225 601 1310 μεγέθη
620 1225 674 1291 καλ
688 1230 830 1313 χρόνους
848 1225 904 1292 καὶ
922 1227 1004 1311 τάχη
1023 1230 1127 1310 ἔχουσα

129 1330 184 1395 καὶ
207 1332 406 1396 τὰτοιαῦτα
429 1334 547 1416 πάντα,
569 1333 721 1419 καθάπερ
745 1335 786 1418 δή
809 1331 866 1398 καὶ
889 1334 909 1417 ή
929 1331 1004 1420 περὶ
1023 1336 1126 1414 λόγους

128 1436 184 1502 καὶ
210 1437 389 1519 ἀναλογίας
416 1437 471 1503 καὶ
499 1441 557 1516 τὰς
587 1448 757 1524 πανταχοῦ
784 1442 966 1524 μεσότητας
993 1461 1126 1525 πραγμα-

128 1543 296 1629 τευομένη.
333 1546 416 1630 πρὸς
434 1545 559 1628 ταύτην
577 1549 694 1611 τοίνυν
713 1548 855 1630 τὴντῶν
870 1544 1058 1630 δεδομένων
1071 1544 1126 1609 ἐπι-

129 1653 330 1736 στημονικήν
362 1650 546 1732 κατάληψιν
578 1651 830 1737 χρησιμωτάτην
867 1647 974 1716 οὖσαν
1006 1652 1042 1716 τὸ
1072 1659 1126 1714 τῶν

77 1767 109 1813 15
129 1757 316 1842 δεδομένων
347 1760 479 1840 βιβλίον
511 1757 528 1822 ὁ
557 1758 741 1841 Εὐκλείδης
773 1755 984 1842 ἐξεπόνησεν,
1015 1757 1054 1822 ὃν
1082 1753 1126 1820 καλ

129 1866 341 1947 στοιχειωτήν
370 1869 494 1951 κυρίως
522 1863 748 1948 ἐπωνόμασαν.
797 1863 904 1947 πάσης
931 1865 995 1949 γάρ
1023 1863 1126 1946 σχεδὸν

127 1976 358 2054 μαθηματικῆς
386 1970 563 2053 ἐπιστήμης
590 1982 735 2054 στοιχεῖα
766 1968 821 2034 καὶ
853 1961 927 2034 οἷον
960 1968 1127 2050 εἰσαγωγάς

127 2074 314 2159 προέταξεν,
334 2077 378 2151 ὡς
396 2079 594 2161 γεωμετρίας
612 2073 674 2160 μὲν
693 2076 771 2159 ὅλης
789 2075 915 2152 ἐντοῖς
934 2073 981 2158 ιγ’
999 2077 1126 2158 βιβλίοις

127 2178 182 2242 καὶ
201 2190 259 2262 της
278 2181 496 2266 ἀστρονομίας
518 2181 554 2246 ἐν
572 2194 642 2258 τοῖς
659 2179 889 2266 Φαινομένοις,
906 2180 964 2246 καὶ
982 2188 1127 2265 μουσικής

75 2296 108 2343 20
127 2281 164 2349 δὲ
186 2283 241 2348 καλ
264 2285 399 2369 ὀπτικῆς
422 2288 544 2372 δμοίως
571 2299 715 2372 στοιχεῖα
741 2285 990 2373 παραδέδωκεν·
1019 2286 1073 2352 καὶ
1094 2285 1126 2367 δή

126 2388 181 2454 καδ
204 2399 262 2474 τῆς
284 2390 358 2477 περὶ
381 2403 441 2457 τοῦ
464 2392 645 2477 δεδομένου
668 2393 774 2476 πάσης
795 2397 1021 2479 πραγματείας
1039 2393 1126 2478 ἐντῷ

125 2496 328 2586 προκειμένῳ
351 2501 469 2587 βιβλίῳ
494 2503 700 2582 στοιχείωσιν
728 2498 930 2582 ἀναλυτικήν
955 2499 1126 2584 ἐποιήσατο.

125 2606 342 2691 γεωμετρικὸς
370 2601 407 2669 δέ
430 2605 478 2669 ὢν
501 2605 518 2670 ὁ
543 2605 628 2689 ἀνήρ
653 2606 880 2689 διαφερόντως
902 2607 984 2681 τοὺς
1005 2605 1127 2677 κοινοὺς

124 2710 200 2795 περὶ
241 2721 300 2776 τοῦ
343 2709 523 2794 δεδομένου
565 2714 685 2793 λόγους
722 2721 793 2786 τοῖς
830 2709 1009 2794 μεγέθεσιν
1046 2711 1126 2783 ἰδίως

73 2823 106 2870 25
127 2813 327 2901 ἐφήρμοσεν,
360 2817 400 2883 ὃν
426 2819 551 2903 τρόπον
579 2816 709 2899 ἐποίησε
736 2814 792 2881 καὶ
820 2814 966 2882 ἐπὶτῶν
990 2819 1126 2882 καθόλου

126 2922 235 3000 λόγων
267 2922 312 2997 ὡς
340 2920 392 2986 ἐπὶ
424 2929 576 3006 μεγεθῶν
610 2922 704 2998 ἰδίως
733 2921 855 2998 αὐτοὺς
886 2919 1124 3008 πραγματευσά-

125 3047 223 3107 μενος
247 3024 282 3089 ἑν
304 3036 350 3113 τῷ
373 3025 506 3116 πέμπτῳ
529 3031 647 3115 βιβλίῳ
671 3036 729 3111 τής
751 3026 919 3094 ἐπιπέδου.

190 3141 312 3208 κοινῶς
334 3129 394 3216 μὲν
417 3130 480 3200 οὖν
502 3140 642 3219 εἴρηται,
670 3137 706 3198 τί
725 3135 761 3199 τὸ
786 3133 968 3218 δεδομένον
995 3132 1049 3200 καλ
1069 3132 1123 3197 ὑπὸ

195 3400 218 3448 6.
238 3392 303 3465 καί]
324 3411 412 3463 comp.
432 3395 466 3462 Ρ,
494 3411 546 3449 om.
566 3397 631 3449 Vat.
706 3400 728 3448 7.
749 3392 819 3464 μέγα
838 3394 1036 3468 συμβάλλεται]
1053 3413 1122 3464 μετα-

124 3462 308 3536 σνμβάλλεται
325 3465 378 3519 Pv.
470 3465 595 3536 εἰκότως]
617 3463 692 3527 είκός
710 3465 774 3520 vat.
866 3472 891 3522 9.
916 3466 1003 3540 ἐστιν]
1026 3467 1079 3522 ἔστι
1097 3463 1120 3517 P.
