<?xml version="1.0" encoding="UTF-8"?>
<!DOCTYPE html PUBLIC "-//W3C//DTD XHTML 1.0 Transitional//EN"
    "http://www.w3.org/TR/xhtml1/DTD/xhtml1-transitional.dtd">
<html xmlns="http://www.w3.org/1999/xhtml" xml:lang="en" lang="en">
 <head>
  <title>
</title>
<meta http-equiv="Content-Type" content="text/html;charset=utf-8" />
  <meta name='ocr-system' content='tesseract 3.04.00' />
  <meta name='ocr-capabilities' content='ocr_page ocr_carea ocr_par ocr_line ocrx_word'/>
</head>
<body>
  <div class='ocr_page' id='page_1' title='image "./euclidisoperaom09unkngoog_0089.png"; bbox 0 0 2356 3818; ppageno 0'>
   <div class='ocr_carea' id='block_1_1' title="bbox 130 126 743 191">
    <p class='ocr_par' dir='ltr' id='par_1_1' title="bbox 130 126 743 191">
     <span class='ocr_line' id='line_1_1' title="bbox 130 126 743 191; baseline 0.002 -12"><span class='ocrx_word' id='word_1_1' title='bbox 130 126 175 191; x_wconf 79' lang='grc'><strong><em>22</em></strong></span> <span class='ocrx_word' id='word_1_2' title='bbox 538 128 743 180; x_wconf 79' lang='grc' dir='ltr'><strong>ΔΕΔΟΜΕΝΑ.</strong></span> 
     </span>
    </p>
   </div>
   <div class='ocr_carea' id='block_1_2' title="bbox 77 266 1151 1946">
    <p class='ocr_par' dir='ltr' id='par_1_2' title="bbox 130 266 1151 568">
     <span class='ocr_line' id='line_1_2' title="bbox 130 266 1151 359; baseline 0.001 -25"><span class='ocrx_word' id='word_1_3' title='bbox 130 273 241 354; x_wconf 76' lang='grc' dir='ltr'><strong><em>μεῖζον</em></strong></span> <span class='ocrx_word' id='word_1_4' title='bbox 264 272 346 335; x_wconf 78' lang='grc' dir='ltr'><strong><em>ἔστω</em></strong></span> <span class='ocrx_word' id='word_1_5' title='bbox 370 269 390 353; x_wconf 77' lang='grc' dir='ltr'>ἢ</span> <span class='ocrx_word' id='word_1_6' title='bbox 414 270 451 336; x_wconf 87' lang='grc' dir='ltr'><strong><em>έν</em></strong></span> <span class='ocrx_word' id='word_1_7' title='bbox 474 274 574 359; x_wconf 79' lang='grc' dir='ltr'><strong><em>λόγῳ·</em></strong></span> <span class='ocrx_word' id='word_1_8' title='bbox 599 270 694 353; x_wconf 83' lang='grc' dir='ltr'><strong><em>λέγω,</em></strong></span> <span class='ocrx_word' id='word_1_9' title='bbox 718 271 768 335; x_wconf 91' lang='grc' dir='ltr'><strong><em>ὅτι</em></strong></span> <span class='ocrx_word' id='word_1_10' title='bbox 790 270 827 334; x_wconf 89' lang='grc' dir='ltr'><strong><em>τὸ</em></strong></span> <span class='ocrx_word' id='word_1_11' title='bbox 845 269 928 335; x_wconf 83' lang='grc' dir='ltr'><strong><em>αὐτὸ</em></strong></span> <span class='ocrx_word' id='word_1_12' title='bbox 946 269 984 334; x_wconf 86' lang='grc' dir='ltr'><strong><em>τὸ</em></strong></span> <span class='ocrx_word' id='word_1_13' title='bbox 1003 272 1076 335; x_wconf 83' lang='grc' dir='ltr'><strong><em>ΑΒ</em></strong></span> <span class='ocrx_word' id='word_1_14' title='bbox 1099 266 1151 335; x_wconf 70' lang='lat' dir='ltr'><strong><em>ml</em></strong></span> 
     </span>
     <span class='ocr_line' id='line_1_3' title="bbox 130 373 1150 464; baseline 0.001 -24"><span class='ocrx_word' id='word_1_15' title='bbox 130 384 191 440; x_wconf 84' lang='grc' dir='ltr'><strong><em>τοῦ</em></strong></span> <span class='ocrx_word' id='word_1_16' title='bbox 214 381 334 442; x_wconf 78' lang='grc' dir='ltr'><strong><em>λοιποῦ</em></strong></span> <span class='ocrx_word' id='word_1_17' title='bbox 357 385 417 441; x_wconf 90' lang='grc' dir='ltr'><strong><em>τοῦ</em></strong></span> <span class='ocrx_word' id='word_1_18' title='bbox 440 380 509 442; x_wconf 90' lang='grc' dir='ltr'><strong><em>ΒΓ</em></strong></span> <span class='ocrx_word' id='word_1_19' title='bbox 532 375 668 442; x_wconf 75' lang='grc' dir='ltr'><em>δοθέντι</em></span> <span class='ocrx_word' id='word_1_20' title='bbox 698 379 809 460; x_wconf 77' lang='grc' dir='ltr'><strong><em>μεῖζον</em></strong></span> <span class='ocrx_word' id='word_1_21' title='bbox 831 378 923 441; x_wconf 80' lang='grc' dir='ltr'><strong><em>ἔσται</em></strong></span> <span class='ocrx_word' id='word_1_22' title='bbox 945 373 966 457; x_wconf 75' lang='grc' dir='ltr'><em>ἢ</em></span> <span class='ocrx_word' id='word_1_23' title='bbox 990 373 1030 441; x_wconf 89' lang='grc' dir='ltr'><strong><em>έν</em></strong></span> <span class='ocrx_word' id='word_1_24' title='bbox 1053 378 1150 464; x_wconf 77' lang='grc' dir='ltr'><strong><em>λόγῳ.</em></strong></span> 
     </span>
     <span class='ocr_line' id='line_1_4' title="bbox 199 479 1149 568; baseline 0.001 -22"><span class='ocrx_word' id='word_1_25' title='bbox 199 479 269 547; x_wconf 81' lang='grc' dir='ltr'><strong><em>έιιεὶ</em></strong></span> <span class='ocrx_word' id='word_1_26' title='bbox 296 484 359 568; x_wconf 83' lang='grc' dir='ltr'><strong><em>γὰρ</em></strong></span> <span class='ocrx_word' id='word_1_27' title='bbox 387 485 425 548; x_wconf 89' lang='grc' dir='ltr'><strong><em>τὸ</em></strong></span> <span class='ocrx_word' id='word_1_28' title='bbox 449 487 515 547; x_wconf 86' lang='grc' dir='ltr'><strong><em>ΑΒ</em></strong></span> <span class='ocrx_word' id='word_1_29' title='bbox 542 492 603 559; x_wconf 79' lang='grc' dir='ltr'><strong><em>τοῦ</em></strong></span> <span class='ocrx_word' id='word_1_30' title='bbox 626 488 658 547; x_wconf 86' lang='grc' dir='ltr'><em>Α</em></span> <span class='ocrx_word' id='word_1_31' title='bbox 664 485 696 547; x_wconf 96' lang='grc' dir='ltr'>Γ</span> <span class='ocrx_word' id='word_1_32' title='bbox 719 481 856 547; x_wconf 88' lang='grc' dir='ltr'><strong><em>δοθέντι</em></strong></span> <span class='ocrx_word' id='word_1_33' title='bbox 878 482 989 566; x_wconf 68' lang='grc' dir='ltr'><strong><em>μεῖζόν</em></strong></span> <span class='ocrx_word' id='word_1_34' title='bbox 1013 480 1149 565; x_wconf 51' lang='lat' dir='ltr'><strong><em>&amp;amq</em></strong></span> 
     </span>
    </p>

    <p class='ocr_par' dir='ltr' id='par_1_3' title="bbox 77 585 1149 1946">
     <span class='ocr_line' id='line_1_5' title="bbox 132 585 1148 677; baseline 0.002 -25"><span class='ocrx_word' id='word_1_35' title='bbox 132 587 169 652; x_wconf 83' lang='grc' dir='ltr'><strong><em>έν</em></strong></span> <span class='ocrx_word' id='word_1_36' title='bbox 192 590 291 676; x_wconf 75' lang='grc' dir='ltr'><strong><em>λόγῳ,</em></strong></span> <span class='ocrx_word' id='word_1_37' title='bbox 315 589 502 677; x_wconf 74' lang='grc' dir='ltr'><strong><em>ἀφῃρήσθω</em></strong></span> <span class='ocrx_word' id='word_1_38' title='bbox 525 590 563 653; x_wconf 91' lang='grc' dir='ltr'><strong><em>τὸ</em></strong></span> <span class='ocrx_word' id='word_1_39' title='bbox 582 585 687 654; x_wconf 72' lang='grc' dir='ltr'><strong><em>δοθὲν</em></strong></span> <span class='ocrx_word' id='word_1_40' title='bbox 705 590 847 672; x_wconf 82' lang='grc' dir='ltr'><strong><em>μέγεθος</em></strong></span> <span class='ocrx_word' id='word_1_41' title='bbox 865 589 902 653; x_wconf 89' lang='grc' dir='ltr'><strong><em>τὸ</em></strong></span> <span class='ocrx_word' id='word_1_42' title='bbox 920 590 1004 651; x_wconf 83' lang='grc' dir='ltr'><strong><em>ΑΒ·</em></strong></span> <span class='ocrx_word' id='word_1_43' title='bbox 1028 592 1148 654; x_wconf 77' lang='grc' dir='ltr'><strong><em>λοιποῦ</em></strong></span> 
     </span>
     <span class='ocr_line' id='line_1_6' title="bbox 97 692 1149 780; baseline 0.004 -25"><span class='ocrx_word' id='word_1_44' title='bbox 97 695 197 780; x_wconf 73' lang='grc' dir='ltr'><strong><em>τόροι</em></strong></span> <span class='ocrx_word' id='word_1_45' title='bbox 224 704 284 761; x_wconf 86' lang='grc' dir='ltr'><strong><em>τοῦ</em></strong></span> <span class='ocrx_word' id='word_1_46' title='bbox 312 700 375 759; x_wconf 85' lang='grc' dir='ltr'><strong><em>ΕΒ</em></strong></span> <span class='ocrx_word' id='word_1_47' title='bbox 402 697 486 780; x_wconf 81' lang='grc' dir='ltr'><strong><em>πρὸς</em></strong></span> <span class='ocrx_word' id='word_1_48' title='bbox 512 697 549 760; x_wconf 88' lang='grc' dir='ltr'><strong><em>τὸ</em></strong></span> <span class='ocrx_word' id='word_1_49' title='bbox 578 698 649 759; x_wconf 86' lang='grc' dir='ltr'><strong><em>ΑΓ</em></strong></span> <span class='ocrx_word' id='word_1_50' title='bbox 675 696 774 777; x_wconf 81' lang='grc' dir='ltr'><strong><em>λόγος</em></strong></span> <span class='ocrx_word' id='word_1_51' title='bbox 801 692 871 759; x_wconf 80' lang='grc' dir='ltr'><strong><em>ἐστὶ</em></strong></span> <span class='ocrx_word' id='word_1_52' title='bbox 898 694 1028 771; x_wconf 82' lang='grc' dir='ltr'><strong><em>δοθελς·</em></strong></span> <span class='ocrx_word' id='word_1_53' title='bbox 1067 695 1149 761; x_wconf 77' lang='grc' dir='ltr'><strong><em>ὥστε</em></strong></span> 
     </span>
     <span class='ocr_line' id='line_1_7' title="bbox 129 798 1149 886; baseline 0.002 -21"><span class='ocrx_word' id='word_1_54' title='bbox 129 798 268 866; x_wconf 79' lang='grc' dir='ltr'><strong><em>καὶτοῦ</em></strong></span> <span class='ocrx_word' id='word_1_55' title='bbox 292 805 364 866; x_wconf 86' lang='grc' dir='ltr'><strong><em>ΑΓ</em></strong></span> <span class='ocrx_word' id='word_1_56' title='bbox 381 803 465 886; x_wconf 80' lang='grc' dir='ltr'><strong><em>πρὸς</em></strong></span> <span class='ocrx_word' id='word_1_57' title='bbox 487 803 524 866; x_wconf 89' lang='grc' dir='ltr'><strong><em>τὸ</em></strong></span> <span class='ocrx_word' id='word_1_58' title='bbox 548 805 611 866; x_wconf 86' lang='grc' dir='ltr'><strong><em>ΕΒ</em></strong></span> <span class='ocrx_word' id='word_1_59' title='bbox 635 804 734 882; x_wconf 92' lang='grc' dir='ltr'><strong><em>λόγος</em></strong></span> <span class='ocrx_word' id='word_1_60' title='bbox 756 798 826 866; x_wconf 79' lang='grc' dir='ltr'><strong><em>ἐστὶ</em></strong></span> <span class='ocrx_word' id='word_1_61' title='bbox 850 801 975 877; x_wconf 81' lang='grc' dir='ltr'><strong><em>δοθείς·</em></strong></span> <span class='ocrx_word' id='word_1_62' title='bbox 1005 798 1024 865; x_wconf 89' lang='grc' dir='ltr'><strong><em>δ</em></strong></span> <span class='ocrx_word' id='word_1_63' title='bbox 1048 800 1149 877; x_wconf 82' lang='grc' dir='ltr'><strong><em>αὐτὸς</em></strong></span> 
     </span>
     <span class='ocr_line' id='line_1_8' title="bbox 130 904 1148 994; baseline 0.001 -24"><span class='ocrx_word' id='word_1_64' title='bbox 130 907 220 994; x_wconf 78' lang='grc' dir='ltr'><strong><em>αὐτῷ</em></strong></span> <span class='ocrx_word' id='word_1_65' title='bbox 243 904 405 989; x_wconf 79' lang='grc' dir='ltr'><strong><em>γεγονέτω</em></strong></span> <span class='ocrx_word' id='word_1_66' title='bbox 429 907 447 973; x_wconf 88' lang='grc' dir='ltr'><strong><em>ὅ</em></strong></span> <span class='ocrx_word' id='word_1_67' title='bbox 466 915 526 971; x_wconf 87' lang='grc' dir='ltr'><strong><em>τοῦ</em></strong></span> <span class='ocrx_word' id='word_1_68' title='bbox 545 912 611 971; x_wconf 83' lang='grc' dir='ltr'><strong><em>ΑΛ</em></strong></span> <span class='ocrx_word' id='word_1_69' title='bbox 632 908 717 994; x_wconf 79' lang='grc' dir='ltr'><strong><em>πρὸς</em></strong></span> <span class='ocrx_word' id='word_1_70' title='bbox 734 910 816 973; x_wconf 87' lang='grc' dir='ltr'><strong><em>ΕΔ·</em></strong></span> <span class='ocrx_word' id='word_1_71' title='bbox 839 904 973 971; x_wconf 82' lang='grc' dir='ltr'><strong><em>καὶτοῦ</em></strong></span> <span class='ocrx_word' id='word_1_72' title='bbox 990 910 1062 971; x_wconf 81' lang='grc' dir='ltr'><strong><em>ΔΑ</em></strong></span> <span class='ocrx_word' id='word_1_73' title='bbox 1086 908 1148 993; x_wconf 73' lang='grc' dir='ltr'><strong><em>ἄρα</em></strong></span> 
     </span>
     <span class='ocr_line' id='line_1_9' title="bbox 130 1010 1147 1099; baseline 0 -22"><span class='ocrx_word' id='word_1_74' title='bbox 130 1014 214 1097; x_wconf 80' lang='grc' dir='ltr'><strong><em>πρὸς</em></strong></span> <span class='ocrx_word' id='word_1_75' title='bbox 228 1017 296 1077; x_wconf 87' lang='grc' dir='ltr'><strong><em>ΕΔ</em></strong></span> <span class='ocrx_word' id='word_1_76' title='bbox 315 1015 412 1094; x_wconf 84' lang='grc' dir='ltr'><strong><em>λόγος</em></strong></span> <span class='ocrx_word' id='word_1_77' title='bbox 431 1011 500 1078; x_wconf 80' lang='grc' dir='ltr'><strong><em>ἐστὶ</em></strong></span> <span class='ocrx_word' id='word_1_78' title='bbox 519 1013 646 1089; x_wconf 86' lang='grc' dir='ltr'><strong><em>δοθείς·</em></strong></span> <span class='ocrx_word' id='word_1_79' title='bbox 669 1010 725 1078; x_wconf 81' lang='grc' dir='ltr'><strong><em>κοιλ</em></strong></span> <span class='ocrx_word' id='word_1_80' title='bbox 744 1010 987 1099; x_wconf 67' lang='grc' dir='ltr'><strong><em>ἀναστρέψαντι</em></strong></span> <span class='ocrx_word' id='word_1_81' title='bbox 1006 1020 1071 1077; x_wconf 86' lang='grc' dir='ltr'><strong><em>τοῦ</em></strong></span> <span class='ocrx_word' id='word_1_82' title='bbox 1084 1016 1147 1080; x_wconf 83' lang='grc' dir='ltr'><strong><em>ΔΑ</em></strong></span> 
     </span>
     <span class='ocr_line' id='line_1_10' title="bbox 129 1117 1148 1206; baseline 0.002 -23"><span class='ocrx_word' id='word_1_83' title='bbox 129 1120 214 1204; x_wconf 79' lang='grc' dir='ltr'><strong><em>πρὸς</em></strong></span> <span class='ocrx_word' id='word_1_84' title='bbox 236 1122 306 1183; x_wconf 88' lang='grc' dir='ltr'><strong><em>ΑΒ</em></strong></span> <span class='ocrx_word' id='word_1_85' title='bbox 331 1120 429 1200; x_wconf 90' lang='grc' dir='ltr'><strong><em>λόγος</em></strong></span> <span class='ocrx_word' id='word_1_86' title='bbox 456 1119 583 1197; x_wconf 84' lang='grc' dir='ltr'><strong><em>δοθείς·</em></strong></span> <span class='ocrx_word' id='word_1_87' title='bbox 615 1117 671 1183; x_wconf 84' lang='grc' dir='ltr'><strong><em>ιιοιὶ</em></strong></span> <span class='ocrx_word' id='word_1_88' title='bbox 694 1117 859 1184; x_wconf 79' lang='grc' dir='ltr'><strong><em>ἀνάπαλιν</em></strong></span> <span class='ocrx_word' id='word_1_89' title='bbox 886 1126 947 1183; x_wconf 81' lang='grc' dir='ltr'><strong><em>τοῦ</em></strong></span> <span class='ocrx_word' id='word_1_90' title='bbox 969 1120 1039 1183; x_wconf 85' lang='grc' dir='ltr'><strong><em>ΕΑ</em></strong></span> <span class='ocrx_word' id='word_1_91' title='bbox 1065 1120 1148 1206; x_wconf 71' lang='grc' dir='ltr'><strong><em>πρὸς</em></strong></span> 
     </span>
     <span class='ocr_line' id='line_1_11' title="bbox 77 1221 1147 1307; baseline 0.007 -23"><span class='ocrx_word' id='word_1_92' title='bbox 77 1235 112 1283; x_wconf 84' lang='grc'><strong><em>10</em></strong></span> <span class='ocrx_word' id='word_1_93' title='bbox 130 1225 168 1288; x_wconf 90' lang='grc' dir='ltr'><strong><em>τὸ</em></strong></span> <span class='ocrx_word' id='word_1_94' title='bbox 191 1228 258 1287; x_wconf 83' lang='grc' dir='ltr'><strong><em>ΑΛ</em></strong></span> <span class='ocrx_word' id='word_1_95' title='bbox 280 1225 379 1307; x_wconf 89' lang='grc' dir='ltr'><strong><em>λόγος</em></strong></span> <span class='ocrx_word' id='word_1_96' title='bbox 402 1223 471 1289; x_wconf 80' lang='grc' dir='ltr'><strong><em>ἐστὶ</em></strong></span> <span class='ocrx_word' id='word_1_97' title='bbox 495 1225 618 1302; x_wconf 87' lang='grc' dir='ltr'><strong><em>δοθείς.</em></strong></span> <span class='ocrx_word' id='word_1_98' title='bbox 664 1223 718 1290; x_wconf 78' lang='grc' dir='ltr'><strong><em>καὶ</em></strong></span> <span class='ocrx_word' id='word_1_99' title='bbox 742 1221 847 1290; x_wconf 74' lang='grc' dir='ltr'><strong><em>δοθέν</em></strong></span> <span class='ocrx_word' id='word_1_100' title='bbox 869 1226 907 1289; x_wconf 88' lang='grc' dir='ltr'><strong><em>τὸ</em></strong></span> <span class='ocrx_word' id='word_1_101' title='bbox 930 1228 1012 1289; x_wconf 87' lang='grc' dir='ltr'><strong><em>ΑΒ·</em></strong></span> <span class='ocrx_word' id='word_1_102' title='bbox 1042 1221 1147 1292; x_wconf 77' lang='grc' dir='ltr'><strong><em>δοθδι</em></strong></span> 
     </span>
     <span class='ocr_line' id='line_1_12' title="bbox 129 1328 1147 1418; baseline 0.003 -24"><span class='ocrx_word' id='word_1_103' title='bbox 129 1332 194 1416; x_wconf 78' lang='grc' dir='ltr'><strong><em>ἄρα</em></strong></span> <span class='ocrx_word' id='word_1_104' title='bbox 221 1328 277 1394; x_wconf 82' lang='grc' dir='ltr'><strong><em>καὶ</em></strong></span> <span class='ocrx_word' id='word_1_105' title='bbox 305 1330 385 1395; x_wconf 85' lang='grc' dir='ltr'><strong><em>ὅλον</em></strong></span> <span class='ocrx_word' id='word_1_106' title='bbox 411 1332 449 1396; x_wconf 90' lang='grc' dir='ltr'><strong><em>τὸ</em></strong></span> <span class='ocrx_word' id='word_1_107' title='bbox 473 1336 547 1395; x_wconf 86' lang='grc' dir='ltr'><strong><em>ΑΛ.</em></strong></span> <span class='ocrx_word' id='word_1_108' title='bbox 592 1329 648 1396; x_wconf 84' lang='grc' dir='ltr'><strong><em>καὶ</em></strong></span> <span class='ocrx_word' id='word_1_109' title='bbox 676 1329 746 1396; x_wconf 84' lang='grc' dir='ltr'><strong><em>έιιεὶ</em></strong></span> <span class='ocrx_word' id='word_1_110' title='bbox 774 1332 854 1396; x_wconf 90' lang='grc' dir='ltr'><strong><em>ὅλον</em></strong></span> <span class='ocrx_word' id='word_1_111' title='bbox 882 1338 943 1395; x_wconf 87' lang='grc' dir='ltr'><strong><em>τοῦ</em></strong></span> <span class='ocrx_word' id='word_1_112' title='bbox 964 1333 1038 1395; x_wconf 81' lang='grc' dir='ltr'><strong><em>ΑΓ</em></strong></span> <span class='ocrx_word' id='word_1_113' title='bbox 1065 1332 1147 1418; x_wconf 76' lang='grc' dir='ltr'><strong><em>πρὸς</em></strong></span> 
     </span>
     <span class='ocr_line' id='line_1_13' title="bbox 129 1431 1144 1523; baseline 0.002 -24"><span class='ocrx_word' id='word_1_114' title='bbox 129 1435 211 1500; x_wconf 85' lang='grc' dir='ltr'><strong><em>ὅλον</em></strong></span> <span class='ocrx_word' id='word_1_115' title='bbox 233 1437 271 1500; x_wconf 90' lang='grc' dir='ltr'><strong><em>τὸ</em></strong></span> <span class='ocrx_word' id='word_1_116' title='bbox 294 1439 357 1500; x_wconf 86' lang='grc' dir='ltr'><strong><em>ΕΒ</em></strong></span> <span class='ocrx_word' id='word_1_117' title='bbox 387 1439 484 1520; x_wconf 86' lang='grc' dir='ltr'><strong><em>λόγος</em></strong></span> <span class='ocrx_word' id='word_1_118' title='bbox 507 1435 577 1502; x_wconf 80' lang='grc' dir='ltr'><strong><em>ἐστὶ</em></strong></span> <span class='ocrx_word' id='word_1_119' title='bbox 601 1438 729 1521; x_wconf 82' lang='grc' dir='ltr'><strong><em>δοθείς,</em></strong></span> <span class='ocrx_word' id='word_1_120' title='bbox 757 1431 806 1503; x_wconf 79' lang='grc' dir='ltr'><strong><em>ὧν</em></strong></span> <span class='ocrx_word' id='word_1_121' title='bbox 828 1445 889 1502; x_wconf 85' lang='grc' dir='ltr'><strong><em>τοῦ</em></strong></span> <span class='ocrx_word' id='word_1_122' title='bbox 912 1440 979 1502; x_wconf 87' lang='grc' dir='ltr'><strong><em>ΑΔ</em></strong></span> <span class='ocrx_word' id='word_1_123' title='bbox 999 1438 1090 1523; x_wconf 78' lang='grc' dir='ltr'><strong><em>πρὸς</em></strong></span> <span class='ocrx_word' id='word_1_124' title='bbox 1110 1438 1144 1503; x_wconf 83' lang='grc' dir='ltr'><strong><em>τό</em></strong></span> 
     </span>
     <span class='ocr_line' id='line_1_14' title="bbox 129 1540 1146 1630; baseline 0.003 -24"><span class='ocrx_word' id='word_1_125' title='bbox 129 1545 200 1606; x_wconf 87' lang='grc' dir='ltr'><strong><em>ΔΕ</em></strong></span> <span class='ocrx_word' id='word_1_126' title='bbox 221 1543 319 1624; x_wconf 88' lang='grc' dir='ltr'><strong><em>λόγος</em></strong></span> <span class='ocrx_word' id='word_1_127' title='bbox 338 1540 407 1607; x_wconf 81' lang='grc' dir='ltr'><strong><em>ἐστὶ</em></strong></span> <span class='ocrx_word' id='word_1_128' title='bbox 426 1544 551 1628; x_wconf 79' lang='grc' dir='ltr'><strong><em>δοθιίς,</em></strong></span> <span class='ocrx_word' id='word_1_129' title='bbox 575 1546 665 1608; x_wconf 84' lang='grc' dir='ltr'><strong><em>έστοιι</em></strong></span> <span class='ocrx_word' id='word_1_130' title='bbox 688 1541 744 1608; x_wconf 81' lang='grc' dir='ltr'><strong><em>καὶ</em></strong></span> <span class='ocrx_word' id='word_1_131' title='bbox 762 1548 881 1608; x_wconf 89' lang='grc' dir='ltr'><strong><em>λοιτιοῦ</em></strong></span> <span class='ocrx_word' id='word_1_132' title='bbox 898 1550 959 1608; x_wconf 85' lang='grc' dir='ltr'><strong><em>τοῦ</em></strong></span> <span class='ocrx_word' id='word_1_133' title='bbox 978 1544 1042 1609; x_wconf 90' lang='grc' dir='ltr'><strong><em>ΓΔ</em></strong></span> <span class='ocrx_word' id='word_1_134' title='bbox 1064 1544 1146 1630; x_wconf 71' lang='grc' dir='ltr'><strong><em>τιςδς</em></strong></span> 
     </span>
     <span class='ocr_line' id='line_1_15' title="bbox 129 1646 1146 1732; baseline 0.003 -20"><span class='ocrx_word' id='word_1_135' title='bbox 129 1649 249 1712; x_wconf 80' lang='grc' dir='ltr'><strong><em>λοιπὸν</em></strong></span> <span class='ocrx_word' id='word_1_136' title='bbox 275 1649 313 1712; x_wconf 92' lang='grc' dir='ltr'><strong><em>τὸ</em></strong></span> <span class='ocrx_word' id='word_1_137' title='bbox 340 1653 406 1714; x_wconf 93' lang='grc' dir='ltr'><strong><em>ΔΒ</em></strong></span> <span class='ocrx_word' id='word_1_138' title='bbox 440 1652 538 1732; x_wconf 90' lang='grc' dir='ltr'><strong><em>λόγος</em></strong></span> <span class='ocrx_word' id='word_1_139' title='bbox 569 1651 698 1725; x_wconf 84' lang='grc' dir='ltr'><strong><em>δοθείς·</em></strong></span> <span class='ocrx_word' id='word_1_140' title='bbox 730 1646 786 1713; x_wconf 81' lang='grc' dir='ltr'><strong><em>καὶ</em></strong></span> <span class='ocrx_word' id='word_1_141' title='bbox 818 1650 962 1714; x_wconf 75' lang='grc' dir='ltr'><strong><em>διελόντι</em></strong></span> <span class='ocrx_word' id='word_1_142' title='bbox 993 1658 1058 1715; x_wconf 85' lang='grc' dir='ltr'><strong><em>τοῦ</em></strong></span> <span class='ocrx_word' id='word_1_143' title='bbox 1086 1652 1146 1717; x_wconf 87' lang='grc' dir='ltr'><strong><em>ΓΒ</em></strong></span> 
     </span>
     <span class='ocr_line' id='line_1_16' title="bbox 77 1752 1145 1839; baseline 0.003 -21"><span class='ocrx_word' id='word_1_144' title='bbox 77 1762 110 1811; x_wconf 83' lang='lat'><strong><em>15</em></strong></span> <span class='ocrx_word' id='word_1_145' title='bbox 129 1755 213 1839; x_wconf 80' lang='grc' dir='ltr'><strong><em>πρὸς</em></strong></span> <span class='ocrx_word' id='word_1_146' title='bbox 240 1756 277 1819; x_wconf 91' lang='grc' dir='ltr'><strong><em>τὸ</em></strong></span> <span class='ocrx_word' id='word_1_147' title='bbox 304 1759 372 1819; x_wconf 87' lang='grc' dir='ltr'><strong><em>ΔΒ</em></strong></span> <span class='ocrx_word' id='word_1_148' title='bbox 401 1758 499 1839; x_wconf 91' lang='grc' dir='ltr'><strong><em>λόγος</em></strong></span> <span class='ocrx_word' id='word_1_149' title='bbox 530 1754 600 1821; x_wconf 82' lang='grc' dir='ltr'><strong><em>ἐστὶ</em></strong></span> <span class='ocrx_word' id='word_1_150' title='bbox 631 1757 759 1831; x_wconf 84' lang='grc' dir='ltr'><strong><em>δοθείς·</em></strong></span> <span class='ocrx_word' id='word_1_151' title='bbox 793 1756 876 1820; x_wconf 81' lang='grc' dir='ltr'><strong><em>ὥστε</em></strong></span> <span class='ocrx_word' id='word_1_152' title='bbox 907 1752 963 1819; x_wconf 83' lang='grc' dir='ltr'><strong><em>καὶ</em></strong></span> <span class='ocrx_word' id='word_1_153' title='bbox 990 1763 1054 1819; x_wconf 82' lang='grc' dir='ltr'><strong><em>τοῦ</em></strong></span> <span class='ocrx_word' id='word_1_154' title='bbox 1080 1758 1145 1823; x_wconf 84' lang='grc' dir='ltr'><strong><em>ΔΒ</em></strong></span> 
     </span>
     <span class='ocr_line' id='line_1_17' title="bbox 127 1849 1145 1946; baseline 0.003 -21"><span class='ocrx_word' id='word_1_155' title='bbox 127 1862 211 1946; x_wconf 78' lang='grc' dir='ltr'><strong><em>πρὸς</em></strong></span> <span class='ocrx_word' id='word_1_156' title='bbox 228 1862 266 1926; x_wconf 84' lang='grc' dir='ltr'><strong><em>τὸ</em></strong></span> <span class='ocrx_word' id='word_1_157' title='bbox 280 1864 348 1925; x_wconf 88' lang='grc' dir='ltr'><strong><em>ΒΓ</em></strong></span> <span class='ocrx_word' id='word_1_158' title='bbox 366 1863 465 1943; x_wconf 90' lang='grc' dir='ltr'><strong><em>λόγος</em></strong></span> <span class='ocrx_word' id='word_1_159' title='bbox 483 1860 552 1927; x_wconf 82' lang='grc' dir='ltr'><strong><em>ἐστὶ</em></strong></span> <span class='ocrx_word' id='word_1_160' title='bbox 563 1849 695 1937; x_wconf 80' lang='grc' dir='ltr'><strong><em>δοθείς.</em></strong></span> <span class='ocrx_word' id='word_1_161' title='bbox 726 1864 786 1925; x_wconf 85' lang='grc' dir='ltr'><strong><em>καί</em></strong></span> <span class='ocrx_word' id='word_1_162' title='bbox 802 1860 872 1926; x_wconf 82' lang='grc' dir='ltr'><strong><em>ἐστι</em></strong></span> <span class='ocrx_word' id='word_1_163' title='bbox 890 1856 995 1925; x_wconf 71' lang='grc' dir='ltr'><strong><em>δοθὲν</em></strong></span> <span class='ocrx_word' id='word_1_164' title='bbox 1012 1862 1054 1927; x_wconf 87' lang='grc' dir='ltr'><strong><em>τὸ</em></strong></span> <span class='ocrx_word' id='word_1_165' title='bbox 1067 1866 1145 1927; x_wconf 84' lang='grc' dir='ltr'><strong><em>ΔΑ·</em></strong></span> 
     </span>
    </p>
   </div>
   <div class='ocr_carea' id='block_1_3' title="bbox 127 1964 1145 2057">
    <p class='ocr_par' dir='ltr' id='par_1_4' title="bbox 127 1964 1145 2057">
     <span class='ocr_line' id='line_1_18' title="bbox 127 1964 1145 2057; baseline 0.003 -29"><span class='ocrx_word' id='word_1_166' title='bbox 127 1966 165 2029; x_wconf 89' lang='grc' dir='ltr'><strong><em>τὸ</em></strong></span> <span class='ocrx_word' id='word_1_167' title='bbox 189 1970 256 2030; x_wconf 81' lang='grc' dir='ltr'><strong><em>ΑΒ</em></strong></span> <span class='ocrx_word' id='word_1_168' title='bbox 280 1968 343 2052; x_wconf 77' lang='grc' dir='ltr'><strong><em>ὅροι</em></strong></span> <span class='ocrx_word' id='word_1_169' title='bbox 367 1976 427 2031; x_wconf 89' lang='grc' dir='ltr'><strong><em>τοῦ</em></strong></span> <span class='ocrx_word' id='word_1_170' title='bbox 450 1970 518 2032; x_wconf 91' lang='grc' dir='ltr'><strong><em>ΒΓ</em></strong></span> <span class='ocrx_word' id='word_1_171' title='bbox 536 1966 673 2055; x_wconf 76' lang='grc' dir='ltr'><strong><em>δοθέντι</em></strong></span> <span class='ocrx_word' id='word_1_172' title='bbox 697 1970 807 2051; x_wconf 82' lang='grc' dir='ltr'><strong><em>μεῖζόν</em></strong></span> <span class='ocrx_word' id='word_1_173' title='bbox 830 1966 920 2032; x_wconf 82' lang='grc' dir='ltr'><strong><em>ἐστιν</em></strong></span> <span class='ocrx_word' id='word_1_174' title='bbox 943 1965 964 2049; x_wconf 75' lang='grc' dir='ltr'><strong><em>ἣ</em></strong></span> <span class='ocrx_word' id='word_1_175' title='bbox 986 1964 1025 2031; x_wconf 80' lang='grc' dir='ltr'><strong><em>έν</em></strong></span> <span class='ocrx_word' id='word_1_176' title='bbox 1048 1970 1145 2057; x_wconf 73' lang='grc' dir='ltr'><strong><em>λόγῳ.</em></strong></span> 
     </span>
    </p>
   </div>
   <div class='ocr_carea' id='block_1_4' title="bbox 69 2160 1144 3008">
    <p class='ocr_par' dir='ltr' id='par_1_5' title="bbox 609 2160 665 2243">
     <span class='ocr_line' id='line_1_19' title="bbox 609 2160 665 2243; baseline 0.036 -20"><span class='ocrx_word' id='word_1_177' title='bbox 609 2160 665 2243; x_wconf 81' lang='grc' dir='ltr'><strong><em>ιβ’.</em></strong></span> 
     </span>
    </p>

    <p class='ocr_par' dir='ltr' id='par_1_6' title="bbox 69 2278 1144 2585">
     <span class='ocr_line' id='line_1_20' title="bbox 193 2278 1144 2371; baseline 0.002 -24"><span class='ocrx_word' id='word_1_178' title='bbox 193 2281 269 2347; x_wconf 86' lang='grc' dir='ltr'><strong><em>Ἐδιν</em></strong></span> <span class='ocrx_word' id='word_1_179' title='bbox 294 2278 316 2370; x_wconf 80' lang='grc' dir='ltr'><strong><em>ᾖ</em></strong></span> <span class='ocrx_word' id='word_1_180' title='bbox 344 2288 419 2369; x_wconf 84' lang='grc' dir='ltr'><strong><em>τρίοι</em></strong></span> <span class='ocrx_word' id='word_1_181' title='bbox 447 2282 571 2368; x_wconf 83' lang='grc' dir='ltr'><em>μεγέθη</em></span> <span class='ocrx_word' id='word_1_182' title='bbox 599 2284 655 2352; x_wconf 83' lang='grc' dir='ltr'><strong><em>καὶ</em></strong></span> <span class='ocrx_word' id='word_1_183' title='bbox 679 2287 717 2350; x_wconf 88' lang='grc' dir='ltr'><strong><em>τὸ</em></strong></span> <span class='ocrx_word' id='word_1_184' title='bbox 741 2282 801 2369; x_wconf 73' lang='grc' dir='ltr'><strong><em>μὲν</em></strong></span> <span class='ocrx_word' id='word_1_185' title='bbox 824 2294 957 2371; x_wconf 80' lang='grc' dir='ltr'><strong><em>πρῶτον</em></strong></span> <span class='ocrx_word' id='word_1_186' title='bbox 979 2286 1064 2368; x_wconf 82' lang='grc' dir='ltr'><strong><em>μετὰ</em></strong></span> <span class='ocrx_word' id='word_1_187' title='bbox 1086 2292 1144 2351; x_wconf 84' lang='grc' dir='ltr'><strong><em>τοῦ</em></strong></span> 
     </span>
     <span class='ocr_line' id='line_1_21' title="bbox 69 2384 1144 2478; baseline 0.009 -30"><span class='ocrx_word' id='word_1_188' title='bbox 69 2400 110 2447; x_wconf 76' lang='lat'><strong><em>¹20</em></strong></span> <span class='ocrx_word' id='word_1_189' title='bbox 129 2387 287 2476; x_wconf 83' lang='grc' dir='ltr'><strong><em>δευτέρον</em></strong></span> <span class='ocrx_word' id='word_1_190' title='bbox 301 2384 323 2476; x_wconf 76' lang='grc' dir='ltr'><strong><em>ᾖ</em></strong></span> <span class='ocrx_word' id='word_1_191' title='bbox 338 2388 452 2474; x_wconf 87' lang='grc' dir='ltr'><strong><em>δοθέν,</em></strong></span> <span class='ocrx_word' id='word_1_192' title='bbox 470 2384 492 2476; x_wconf 78' lang='grc' dir='ltr'><strong><em>ᾖ</em></strong></span> <span class='ocrx_word' id='word_1_193' title='bbox 508 2387 544 2455; x_wconf 70' lang='grc' dir='ltr'><strong><em>δὲ</em></strong></span> <span class='ocrx_word' id='word_1_194' title='bbox 561 2390 617 2456; x_wconf 82' lang='grc' dir='ltr'><strong><em>καὶ</em></strong></span> <span class='ocrx_word' id='word_1_195' title='bbox 633 2393 670 2456; x_wconf 92' lang='grc' dir='ltr'><strong><em>τὸ</em></strong></span> <span class='ocrx_word' id='word_1_196' title='bbox 685 2392 842 2475; x_wconf 79' lang='grc' dir='ltr'><strong><em>δεύτερον</em></strong></span> <span class='ocrx_word' id='word_1_197' title='bbox 861 2390 941 2474; x_wconf 77' lang='grc' dir='ltr'><strong><em>μετὰ</em></strong></span> <span class='ocrx_word' id='word_1_198' title='bbox 954 2398 1016 2455; x_wconf 85' lang='grc' dir='ltr'><strong><em>τοῦ</em></strong></span> <span class='ocrx_word' id='word_1_199' title='bbox 1030 2394 1144 2478; x_wconf 79' lang='grc' dir='ltr'><strong><em>τρίτον</em></strong></span> 
     </span>
     <span class='ocr_line' id='line_1_22' title="bbox 128 2493 1143 2585; baseline 0.003 -27"><span class='ocrx_word' id='word_1_200' title='bbox 128 2493 247 2579; x_wconf 86' lang='grc' dir='ltr'><strong><em>δοθέν,</em></strong></span> <span class='ocrx_word' id='word_1_201' title='bbox 279 2498 317 2562; x_wconf 91' lang='grc' dir='ltr'><strong><em>τὸ</em></strong></span> <span class='ocrx_word' id='word_1_202' title='bbox 344 2507 479 2582; x_wconf 79' lang='grc' dir='ltr'><strong><em>πρῶτον</em></strong></span> <span class='ocrx_word' id='word_1_203' title='bbox 509 2506 555 2585; x_wconf 75' lang='grc' dir='ltr'><strong><em>τῷ</em></strong></span> <span class='ocrx_word' id='word_1_204' title='bbox 583 2500 682 2584; x_wconf 75' lang='grc' dir='ltr'><strong><em>τρίτῳ</em></strong></span> <span class='ocrx_word' id='word_1_205' title='bbox 716 2498 788 2579; x_wconf 74' lang='grc' dir='ltr'><strong><em>ἤτοι</em></strong></span> <span class='ocrx_word' id='word_1_206' title='bbox 817 2502 892 2561; x_wconf 80' lang='grc' dir='ltr'><strong><em>λ’σον</em></strong></span> <span class='ocrx_word' id='word_1_207' title='bbox 919 2495 1026 2579; x_wconf 83' lang='grc' dir='ltr'><strong><em>ἐστίν,</em></strong></span> <span class='ocrx_word' id='word_1_208' title='bbox 1061 2496 1143 2581; x_wconf 76' lang='grc' dir='ltr'><strong><em>ἢτδ</em></strong></span> 
     </span>
    </p>

    <p class='ocr_par' dir='ltr' id='par_1_7' title="bbox 71 2599 1142 3008">
     <span class='ocr_line' id='line_1_23' title="bbox 129 2599 909 2688; baseline 0.003 -23"><span class='ocrx_word' id='word_1_209' title='bbox 129 2599 243 2688; x_wconf 77' lang='grc' dir='ltr'><strong><em>ἕτερον</em></strong></span> <span class='ocrx_word' id='word_1_210' title='bbox 267 2611 328 2668; x_wconf 88' lang='grc' dir='ltr'><strong><em>τοῦ</em></strong></span> <span class='ocrx_word' id='word_1_211' title='bbox 351 2600 464 2687; x_wconf 79' lang='grc' dir='ltr'><strong><em>ἑτέρον</em></strong></span> <span class='ocrx_word' id='word_1_212' title='bbox 488 2601 624 2668; x_wconf 89' lang='grc' dir='ltr'><strong><em>δοθέντι</em></strong></span> <span class='ocrx_word' id='word_1_213' title='bbox 647 2605 758 2687; x_wconf 77' lang='grc' dir='ltr'><strong><em>μεῖζόν</em></strong></span> <span class='ocrx_word' id='word_1_214' title='bbox 781 2601 881 2667; x_wconf 81' lang='grc' dir='ltr'><strong><em>ἐστιν.</em></strong></span> <span class='ocrx_word' id='word_1_215' title='bbox 907 2673 909 2676; x_wconf 19' lang='lat'><em>⁴</em></span> 
     </span>
     <span class='ocr_line' id='line_1_24' title="bbox 195 2700 1141 2793; baseline 0.001 -21"><span class='ocrx_word' id='word_1_216' title='bbox 195 2711 277 2773; x_wconf 82' lang='grc' dir='ltr'><strong><em>ἔστω</em></strong></span> <span class='ocrx_word' id='word_1_217' title='bbox 297 2711 373 2793; x_wconf 84' lang='grc' dir='ltr'><strong><em>τρίιι</em></strong></span> <span class='ocrx_word' id='word_1_218' title='bbox 391 2707 515 2793; x_wconf 81' lang='grc' dir='ltr'><strong><em>μεγέθη</em></strong></span> <span class='ocrx_word' id='word_1_219' title='bbox 534 2711 574 2774; x_wconf 80' lang='grc' dir='ltr'><strong><em>τὰ</em></strong></span> <span class='ocrx_word' id='word_1_220' title='bbox 591 2714 669 2792; x_wconf 87' lang='grc' dir='ltr'><strong><em>ΑΒ,</em></strong></span> <span class='ocrx_word' id='word_1_221' title='bbox 687 2711 761 2791; x_wconf 79' lang='grc' dir='ltr'><strong><em>ΒΓ,</em></strong></span> <span class='ocrx_word' id='word_1_222' title='bbox 780 2711 851 2791; x_wconf 83' lang='grc' dir='ltr'><strong><em>ΓΛ,</em></strong></span> <span class='ocrx_word' id='word_1_223' title='bbox 873 2705 929 2772; x_wconf 85' lang='grc' dir='ltr'><strong><em>ιιιιὶ</em></strong></span> <span class='ocrx_word' id='word_1_224' title='bbox 948 2708 985 2772; x_wconf 90' lang='grc' dir='ltr'><strong><em>τὸ</em></strong></span> <span class='ocrx_word' id='word_1_225' title='bbox 1003 2700 1141 2792; x_wconf 44' lang='lat' dir='ltr'><strong><em>&amp;AB</em></strong></span> 
     </span>
     <span class='ocr_line' id='line_1_25' title="bbox 127 2811 1142 2898; baseline 0.004 -21"><span class='ocrx_word' id='word_1_226' title='bbox 127 2814 208 2897; x_wconf 79' lang='grc' dir='ltr'><strong><em>μετὰ</em></strong></span> <span class='ocrx_word' id='word_1_227' title='bbox 230 2822 291 2878; x_wconf 88' lang='grc' dir='ltr'><strong><em>τοῦ</em></strong></span> <span class='ocrx_word' id='word_1_228' title='bbox 309 2818 378 2879; x_wconf 90' lang='grc' dir='ltr'><strong><em>ΒΓ</em></strong></span> <span class='ocrx_word' id='word_1_229' title='bbox 396 2812 500 2880; x_wconf 73' lang='grc' dir='ltr'><strong><em>δοθέν</em></strong></span> <span class='ocrx_word' id='word_1_230' title='bbox 523 2818 605 2881; x_wconf 78' lang='grc' dir='ltr'><strong><em>ἔστω</em></strong></span> <span class='ocrx_word' id='word_1_231' title='bbox 629 2817 666 2881; x_wconf 92' lang='grc' dir='ltr'><strong><em>τὸ</em></strong></span> <span class='ocrx_word' id='word_1_232' title='bbox 686 2817 762 2897; x_wconf 80' lang='grc' dir='ltr'><strong><em>ΑΓ,</em></strong></span> <span class='ocrx_word' id='word_1_233' title='bbox 785 2815 823 2879; x_wconf 91' lang='grc' dir='ltr'><strong><em>τὸ</em></strong></span> <span class='ocrx_word' id='word_1_234' title='bbox 842 2811 879 2879; x_wconf 78' lang='grc' dir='ltr'><strong><em>δδ</em></strong></span> <span class='ocrx_word' id='word_1_235' title='bbox 897 2816 965 2879; x_wconf 93' lang='grc' dir='ltr'><strong><em>ΒΓ</em></strong></span> <span class='ocrx_word' id='word_1_236' title='bbox 982 2816 1066 2898; x_wconf 78' lang='grc' dir='ltr'><strong><em>μετὰ</em></strong></span> <span class='ocrx_word' id='word_1_237' title='bbox 1086 2822 1142 2881; x_wconf 83' lang='grc' dir='ltr'><strong><em>τοῦ</em></strong></span> 
     </span>
     <span class='ocr_line' id='line_1_26' title="bbox 71 2917 1141 3008; baseline 0.008 -32"><span class='ocrx_word' id='word_1_238' title='bbox 71 2928 110 2977; x_wconf 82' lang='lat'><strong><em>25</em></strong></span> <span class='ocrx_word' id='word_1_239' title='bbox 131 2921 192 2983; x_wconf 87' lang='grc' dir='ltr'><strong><em>ΓΔ</em></strong></span> <span class='ocrx_word' id='word_1_240' title='bbox 220 2917 324 2985; x_wconf 73' lang='grc' dir='ltr'><strong><em>δοθέν</em></strong></span> <span class='ocrx_word' id='word_1_241' title='bbox 351 2923 433 2986; x_wconf 79' lang='grc' dir='ltr'><strong><em>ἔστω</em></strong></span> <span class='ocrx_word' id='word_1_242' title='bbox 461 2923 498 2986; x_wconf 88' lang='grc' dir='ltr'><strong><em>τὸ</em></strong></span> <span class='ocrx_word' id='word_1_243' title='bbox 526 2926 607 2986; x_wconf 83' lang='grc' dir='ltr'><strong><em>ΒΔ·</em></strong></span> <span class='ocrx_word' id='word_1_244' title='bbox 644 2919 745 3003; x_wconf 84' lang='grc' dir='ltr'><strong><em>λέγω,</em></strong></span> <span class='ocrx_word' id='word_1_245' title='bbox 773 2920 824 2985; x_wconf 87' lang='grc' dir='ltr'><strong><em>ὅτι</em></strong></span> <span class='ocrx_word' id='word_1_246' title='bbox 851 2921 888 2984; x_wconf 86' lang='grc' dir='ltr'><strong><em>τὸ</em></strong></span> <span class='ocrx_word' id='word_1_247' title='bbox 912 2923 978 2986; x_wconf 81' lang='grc' dir='ltr'><strong><em>ΑΒ</em></strong></span> <span class='ocrx_word' id='word_1_248' title='bbox 1007 2930 1056 3008; x_wconf 77' lang='grc' dir='ltr'><strong><em>τῷ</em></strong></span> <span class='ocrx_word' id='word_1_249' title='bbox 1086 2924 1141 2987; x_wconf 86' lang='grc' dir='ltr'><strong><em>ΓΔ</em></strong></span> 
     </span>
    </p>
   </div>
   <div class='ocr_carea' id='block_1_5' title="bbox 127 3044 324 3053">
    <p class='ocr_par' dir='ltr' id='par_1_8' title="bbox 127 3044 324 3053">
     <span class='ocr_line' id='line_1_27' title="bbox 127 3044 324 3053; baseline 0.005 -1"><span class='ocrx_word' id='word_1_250' title='bbox 127 3044 295 3053; x_wconf 71' lang='lat'><em>——-—-—-</em></span> <span class='ocrx_word' id='word_1_251' title='bbox 300 3047 324 3053; x_wconf 75' lang='grc'>...-</span> 
     </span>
    </p>
   </div>
   <div class='ocr_carea' id='block_1_6' title="bbox 123 3109 1142 3539">
    <p class='ocr_par' dir='ltr' id='par_1_9' title="bbox 123 3109 1142 3539">
     <span class='ocr_line' id='line_1_28' title="bbox 200 3109 1141 3184; baseline 0.002 -21"><span class='ocrx_word' id='word_1_252' title='bbox 200 3116 224 3164; x_wconf 90' lang='lat'><strong><em>1.</em></strong></span> <span class='ocrx_word' id='word_1_253' title='bbox 243 3112 274 3165; x_wconf 82' lang='grc' dir='ltr'><strong><em>τὸ</em></strong></span> <span class='ocrx_word' id='word_1_254' title='bbox 293 3112 373 3184; x_wconf 83' lang='grc' dir='ltr'><strong><em>αότό]</em></strong></span> <span class='ocrx_word' id='word_1_255' title='bbox 392 3110 441 3166; x_wconf 83' lang='grc' dir='ltr'><strong><em>κοιλ</em></strong></span> <span class='ocrx_word' id='word_1_256' title='bbox 459 3129 485 3167; x_wconf 78' lang='lat' dir='ltr'><strong><em>a.</em></strong></span> <span class='ocrx_word' id='word_1_257' title='bbox 558 3109 618 3184; x_wconf 79' lang='grc' dir='ltr'><strong>καί]</strong></span> <span class='ocrx_word' id='word_1_258' title='bbox 638 3129 691 3166; x_wconf 89' lang='lat' dir='ltr'><strong><em>om.</em></strong></span> <span class='ocrx_word' id='word_1_259' title='bbox 711 3128 736 3166; x_wconf 76' lang='lat' dir='ltr'><strong><em>a.</em></strong></span> <span class='ocrx_word' id='word_1_260' title='bbox 810 3115 834 3164; x_wconf 82' lang='lat'><strong><em>2.</em></strong></span> <span class='ocrx_word' id='word_1_261' title='bbox 855 3109 943 3183; x_wconf 79' lang='grc' dir='ltr'><strong><em>ἔσται]</em></strong></span> <span class='ocrx_word' id='word_1_262' title='bbox 962 3124 1054 3181; x_wconf 80' lang='lat' dir='ltr'>comp.</span> <span class='ocrx_word' id='word_1_263' title='bbox 1069 3112 1141 3179; x_wconf 58' lang='lat' dir='ltr'><strong><em>Vah,</em></strong></span> 
     </span>
     <span class='ocr_line' id='line_1_29' title="bbox 128 3180 1141 3255; baseline 0 -20"><span class='ocrx_word' id='word_1_264' title='bbox 128 3180 204 3235; x_wconf 76' lang='grc' dir='ltr'><strong><em>ἐστιν</em></strong></span> <span class='ocrx_word' id='word_1_265' title='bbox 221 3198 247 3236; x_wconf 82' lang='lat' dir='ltr'><strong><em>v.</em></strong></span> <span class='ocrx_word' id='word_1_266' title='bbox 334 3189 358 3238; x_wconf 81' lang='grc'><strong><em>7.</em></strong></span> <span class='ocrx_word' id='word_1_267' title='bbox 377 3184 437 3253; x_wconf 84' lang='grc' dir='ltr'><strong><em>ΔΑ]</em></strong></span> <span class='ocrx_word' id='word_1_268' title='bbox 456 3187 506 3236; x_wconf 87' lang='grc' dir='ltr'><strong><em>ΑΔ</em></strong></span> <span class='ocrx_word' id='word_1_269' title='bbox 524 3199 550 3236; x_wconf 78' lang='lat' dir='ltr'><strong><em>a.</em></strong></span> <span class='ocrx_word' id='word_1_270' title='bbox 636 3182 704 3255; x_wconf 80' lang='grc' dir='ltr'><strong>ἄρα]</strong></span> <span class='ocrx_word' id='word_1_271' title='bbox 724 3199 777 3237; x_wconf 87' lang='lat' dir='ltr'><strong><em>om.</em></strong></span> <span class='ocrx_word' id='word_1_272' title='bbox 797 3196 822 3234; x_wconf 80' lang='lat' dir='ltr'><strong><em>a.</em></strong></span> <span class='ocrx_word' id='word_1_273' title='bbox 909 3186 933 3234; x_wconf 88' lang='lat'><strong><em>8.</em></strong></span> <span class='ocrx_word' id='word_1_274' title='bbox 955 3182 1022 3253; x_wconf 88' lang='grc' dir='ltr'><strong><em>ΕΔ]</em></strong></span> <span class='ocrx_word' id='word_1_275' title='bbox 1041 3186 1102 3238; x_wconf 85' lang='grc' dir='ltr'><strong><em>ΔΕ</em></strong></span> <span class='ocrx_word' id='word_1_276' title='bbox 1118 3198 1141 3235; x_wconf 68' lang='lat' dir='ltr'><strong><em>a„</em></strong></span> 
     </span>
     <span class='ocr_line' id='line_1_30' title="bbox 164 3246 1142 3325; baseline 0.003 -19"><span class='ocrx_word' id='word_1_277' title='bbox 164 3251 179 3306; x_wconf 92' lang='grc' dir='ltr'><strong><em>δ</em></strong></span> <span class='ocrx_word' id='word_1_278' title='bbox 197 3260 247 3307; x_wconf 78' lang='grc' dir='ltr'><strong><em>τοῦ</em></strong></span> <span class='ocrx_word' id='word_1_279' title='bbox 266 3270 291 3308; x_wconf 75' lang='lat' dir='ltr'><strong><em>a.</em></strong></span> <span class='ocrx_word' id='word_1_280' title='bbox 368 3259 393 3308; x_wconf 81' lang='lat'><strong><em>9.</em></strong></span> <span class='ocrx_word' id='word_1_281' title='bbox 413 3253 471 3309; x_wconf 72' lang='grc' dir='ltr'><strong><em>ἐστὶ</em></strong></span> <span class='ocrx_word' id='word_1_282' title='bbox 489 3250 588 3315; x_wconf 82' lang='grc' dir='ltr'><strong><em>δοθελς</em></strong></span> <span class='ocrx_word' id='word_1_283' title='bbox 606 3270 630 3307; x_wconf 82' lang='lat' dir='ltr'><strong><em>a.</em></strong></span> <span class='ocrx_word' id='word_1_284' title='bbox 703 3251 847 3308; x_wconf 78' lang='grc' dir='ltr'><strong><em>ἀνάπαλιν</em></strong></span> <span class='ocrx_word' id='word_1_285' title='bbox 863 3257 953 3305; x_wconf 83' lang='grc'><strong>-13,</strong></span> <span class='ocrx_word' id='word_1_286' title='bbox 974 3250 1064 3325; x_wconf 74' lang='grc' dir='ltr'><strong><em>ἔσται]</em></strong></span> <span class='ocrx_word' id='word_1_287' title='bbox 1084 3246 1142 3309; x_wconf 65' lang='grc' dir='ltr'><strong><em>λανδ</em></strong></span> 
     </span>
     <span class='ocr_line' id='line_1_31' title="bbox 127 3320 1142 3397; baseline 0.005 -22"><span class='ocrx_word' id='word_1_288' title='bbox 127 3320 185 3376; x_wconf 81' lang='grc' dir='ltr'><strong><em>έοτι</em></strong></span> <span class='ocrx_word' id='word_1_289' title='bbox 202 3322 284 3394; x_wconf 85' lang='grc' dir='ltr'><strong><em>λόγος</em></strong></span> <span class='ocrx_word' id='word_1_290' title='bbox 301 3332 350 3397; x_wconf 65' lang='grc' dir='ltr'><strong><em>τοιζι</em></strong></span> <span class='ocrx_word' id='word_1_291' title='bbox 370 3328 426 3378; x_wconf 83' lang='grc' dir='ltr'><strong><em>ΑΓ</em></strong></span> <span class='ocrx_word' id='word_1_292' title='bbox 440 3324 510 3392; x_wconf 77' lang='grc' dir='ltr'><strong><em>πρὸς</em></strong></span> <span class='ocrx_word' id='word_1_293' title='bbox 530 3327 581 3378; x_wconf 88' lang='grc' dir='ltr'><strong><em>ΕΒ</em></strong></span> <span class='ocrx_word' id='word_1_294' title='bbox 601 3321 712 3392; x_wconf 83' lang='grc' dir='ltr'><strong><em>δοθελς,</em></strong></span> <span class='ocrx_word' id='word_1_295' title='bbox 731 3320 821 3379; x_wconf 71' lang='grc' dir='ltr'><strong><em>δοθὲν</em></strong></span> <span class='ocrx_word' id='word_1_296' title='bbox 839 3323 870 3377; x_wconf 88' lang='grc' dir='ltr'><strong><em>τδ</em></strong></span> <span class='ocrx_word' id='word_1_297' title='bbox 890 3326 955 3376; x_wconf 87' lang='grc' dir='ltr'><strong><em>ΑΕ·</em></strong></span> <span class='ocrx_word' id='word_1_298' title='bbox 975 3320 1070 3379; x_wconf 69' lang='grc' dir='ltr'><strong><em>δοθὲν</em></strong></span> <span class='ocrx_word' id='word_1_299' title='bbox 1089 3325 1142 3393; x_wconf 71' lang='grc' dir='ltr'><strong><em>ἄρα</em></strong></span> 
     </span>
     <span class='ocr_line' id='line_1_32' title="bbox 126 3391 1142 3466; baseline 0.004 -20"><span class='ocrx_word' id='word_1_300' title='bbox 126 3392 177 3447; x_wconf 83' lang='grc' dir='ltr'><strong><em>ιιιιλ</em></strong></span> <span class='ocrx_word' id='word_1_301' title='bbox 195 3391 261 3450; x_wconf 83' lang='grc' dir='ltr'><strong><em>ὅλον</em></strong></span> <span class='ocrx_word' id='word_1_302' title='bbox 279 3395 312 3449; x_wconf 84' lang='grc' dir='ltr'><strong><em>τὸ</em></strong></span> <span class='ocrx_word' id='word_1_303' title='bbox 331 3400 379 3448; x_wconf 87' lang='grc' dir='ltr'><strong><em>ΑΔ</em></strong></span> <span class='ocrx_word' id='word_1_304' title='bbox 399 3412 452 3448; x_wconf 81' lang='lat' dir='ltr'><strong><em>a.·</em></strong></span> <span class='ocrx_word' id='word_1_305' title='bbox 506 3399 548 3449; x_wconf 75' lang='lat'><strong><em>12.</em></strong></span> <span class='ocrx_word' id='word_1_306' title='bbox 567 3394 598 3449; x_wconf 86' lang='grc' dir='ltr'><strong><em>τό</em></strong></span> <span class='ocrx_word' id='word_1_307' title='bbox 609 3394 691 3465; x_wconf 55' lang='lat' dir='ltr'>(alm</span> <span class='ocrx_word' id='word_1_308' title='bbox 712 3412 765 3449; x_wconf 89' lang='lat' dir='ltr'><strong><em>om.</em></strong></span> <span class='ocrx_word' id='word_1_309' title='bbox 784 3412 810 3448; x_wconf 89' lang='lat' dir='ltr'><strong><em>v.</em></strong></span> <span class='ocrx_word' id='word_1_310' title='bbox 889 3399 930 3446; x_wconf 88' lang='grc'><strong><em>14.</em></strong></span> <span class='ocrx_word' id='word_1_311' title='bbox 950 3394 1016 3466; x_wconf 88' lang='grc' dir='ltr'><strong><em>ΔΒ]</em></strong></span> <span class='ocrx_word' id='word_1_312' title='bbox 1036 3392 1142 3450; x_wconf 77' lang='grc' dir='ltr'><strong><em>ΔΒτδ</em></strong></span> 
     </span>
     <span class='ocr_line' id='line_1_33' title="bbox 123 3464 1142 3539; baseline 0 -20"><span class='ocrx_word' id='word_1_313' title='bbox 123 3468 181 3519; x_wconf 88' lang='grc' dir='ltr'><strong><em>ΔΒ</em></strong></span> <span class='ocrx_word' id='word_1_314' title='bbox 200 3482 225 3520; x_wconf 85' lang='lat' dir='ltr'><strong><em>v.</em></strong></span> <span class='ocrx_word' id='word_1_315' title='bbox 293 3471 334 3519; x_wconf 82' lang='lat'><strong><em>15.</em></strong></span> <span class='ocrx_word' id='word_1_316' title='bbox 353 3464 396 3536; x_wconf 86' lang='grc' dir='ltr'><strong><em>τό]</em></strong></span> <span class='ocrx_word' id='word_1_317' title='bbox 417 3482 469 3519; x_wconf 89' lang='lat' dir='ltr'><strong><em>om.</em></strong></span> <span class='ocrx_word' id='word_1_318' title='bbox 489 3481 514 3519; x_wconf 78' lang='lat' dir='ltr'><strong><em>a.</em></strong></span> <span class='ocrx_word' id='word_1_319' title='bbox 580 3471 621 3520; x_wconf 89' lang='grc'><strong><em>16.</em></strong></span> <span class='ocrx_word' id='word_1_320' title='bbox 640 3466 689 3520; x_wconf 78' lang='grc' dir='ltr'><strong><em>καὶ</em></strong></span> <span class='ocrx_word' id='word_1_321' title='bbox 708 3464 760 3535; x_wconf 74' lang='grc' dir='ltr'><strong><em>γάρ</em></strong></span> <span class='ocrx_word' id='word_1_322' title='bbox 780 3465 844 3518; x_wconf 75' lang='lat' dir='ltr'><strong>Vat.</strong></span> <span class='ocrx_word' id='word_1_323' title='bbox 914 3469 956 3518; x_wconf 80' lang='grc'><strong><em>17.</em></strong></span> <span class='ocrx_word' id='word_1_324' title='bbox 976 3466 1040 3537; x_wconf 88' lang='lat' dir='ltr'><strong><em>AB]</em></strong></span> <span class='ocrx_word' id='word_1_325' title='bbox 1059 3482 1142 3539; x_wconf 69' lang='lat' dir='ltr'><strong>supra</strong></span> 
     </span>
    </p>
   </div>
   <div class='ocr_carea' id='block_1_7' title="bbox 0 0 1182 3818">
    <p class='ocr_par' dir='ltr' id='par_1_10' title="bbox 0 0 1182 3818">
     <span class='ocr_line' id='line_1_34' title="bbox 0 0 1182 3818; baseline 0 2"><span class='ocrx_word' id='word_1_326' title='bbox 0 0 1182 3818; x_wconf 95' lang='lat' dir='ltr'><strong><em> </em></strong></span> 
     </span>
    </p>
   </div>
  </div>
 </body>
</html>
