2356 3818
154 94 230 159 110·
559 98 764 150 ΔΕΑοωοωΑ.

221 238 290 304 ἐπεὶ
322 240 385 324 γὰρ
418 238 523 305 δοθέν
556 240 624 305 ἐστι
656 242 693 305 τὸ
721 245 809 323 ΑΗ,
841 236 882 306 οὗ
913 240 932 306 ὁ
960 244 1171 308 ΕΓΒΛΖΗ

135 347 296 429 ’γνώμων
319 347 433 422 δοθείς
452 346 552 430 ἐστιν,
576 348 693 410 λοιπὸν
712 348 831 432 ἄρατὸ
850 350 917 410 ΑΒ
941 345 1046 411 δοθέν
1063 345 1167 412 ἐστιν·

154 449 315 516 ἀλλὰκαὶ
338 462 383 539 τῷ
407 453 501 516 εῖδει·
524 461 584 516 τοῦ
603 456 669 516 ΑΒ
692 453 756 537 ἄρα
779 453 817 516 αἱ
833 450 975 538 πλευραὶ
993 450 1165 536 δεδομέναι

155 559 251 622 εἰσίν·
275 559 415 623 δοθεῖσα
438 559 503 643 ἄρα
526 556 617 622 ἐστὶν
640 555 776 643 ἑκατέρα
798 569 866 623 τῶν
889 561 960 642 ΓΑ,
979 564 1053 623 ΑΛ.
1095 560 1166 623 ἔστι

119 660 191 728 ὅδὲ
213 662 268 727 καὶ
292 661 426 748 ἑκατέρα
449 674 517 728 τῶν
540 668 617 745 ΕΑ,
636 669 669 727 Α
675 668 702 728 Ζ
726 665 877 728 δοθεῖσα·
902 661 959 728 καὶ
981 665 1077 747 λοιπὴ
1096 664 1164 747 ἄρα

155 767 290 854 ἑκατέρα
312 782 380 834 τῶν
402 772 475 852 ΕΓ,
495 773 561 833 ΔΖ
586 770 725 834 δοθεῖσολ
749 770 847 834 ἐστιν.

631 1031 692 1110 ξα’.

220 1155 295 1220 Ἐδν
328 1156 508 1240 δεδομένον
540 1168 585 1245 τῷ
619 1159 699 1222 εῖδει
731 1159 842 1233 εἴδους
872 1159 963 1243 παρὰ
993 1161 1070 1242 μίαν
1091 1162 1173 1218 τῶν

155 1267 308 1346 πλευρῶν
319 1265 662 1348 παραλληλόγραμμον
671 1267 795 1349 χωρίον
812 1267 1013 1350 παραβληθῇ
1028 1260 1174 1328 ένδεδιν

103 1380 136 1428 10
155 1366 236 1453 μένῃ
260 1371 374 1455 γωνίᾳ,
397 1371 453 1454 έχῃ
478 1366 514 1434 δέ
537 1372 574 1434 τὸ
597 1365 686 1446 εἶδος
707 1371 790 1455 πρὸς
813 1372 850 1434 τὸ
872 1371 1175 1455 παραλλῃλβχρνμ”

154 1495 219 1556 μον
246 1476 347 1556 λόγον
375 1475 569 1559 δεδομένον,
603 1475 736 1541 δέδοται
762 1477 800 1541 τὸ
823 1477 1076 1562 παραλληλόγρα
1118 1501 1122 1527 ⁸

154 1589 200 1667 τῷ
226 1581 315 1644 εῖδει.
1081 1664 1083 1669 Ι

222 1685 402 1770 δεδομένου
429 1687 492 1771 γὰρ
520 1697 566 1774 τῷ
590 1688 670 1751 εῖδει
698 1689 808 1764 εἴδους
834 1696 895 1752 τοῦ
918 1691 1051 1751 ΑΖΓΒ
1075 1705 1131 1765 παρ
1150 1699 1178 1725 ”

154 1794 234 1876 μίαν
256 1803 324 1856 τῶν
346 1797 499 1878 πλευρῶν
518 1795 579 1877 τὴν
598 1795 659 1856 ΓΒ
681 1794 1026 1877 παραλληλόγραμμον
1043 1791 1130 1876 χωρίο

103 1908 135 1956 16
154 1900 419 1983 παραβεβλήσθω
442 1899 479 1963 τὸ
500 1902 561 1963 ΓΔ
584 1898 621 1963 ἐν
643 1896 803 1983 δεδομένῃ
826 1900 932 1984 γωνίᾳ
954 1908 994 1984 τῇ
1016 1898 1079 1963 ὑπὸ
1094 1903 1173 1959 πῖν’

155 2006 269 2080 ΑΓΒ,
301 2005 398 2084 λόγος
429 2000 466 2067 δὲ
494 2006 575 2068 ἔστω
604 2012 664 2068 τοῦ
691 2007 762 2068 ΑΓ
788 2004 899 2079 εἴδους
929 2006 1014 2090 πρὸς
1039 2005 1075 2069 τὸ
1100 2001 1167 2065 ΓΔ

154 2111 497 2193 παραλληλόγραμμον
525 2109 652 2184 δοθείς·
685 2107 784 2192 λέγω,
812 2108 863 2174 ὅτι
886 2107 1019 2175 δέδοται
1045 2111 1080 2174 τὸ
1102 2108 1159 2171 ra

155 2223 200 2301 τῷ
226 2215 315 2279 εῖδει.

220 2320 315 2402 ἤχθω
334 2320 397 2405 γὰρ
417 2322 473 2384 διὰ
490 2317 551 2404 μὲν
565 2329 625 2384 τοῦ
640 2325 668 2384 Β
687 2330 727 2407 τῇ
744 2324 809 2385 ΖΓ
826 2321 1036 2406 παράλληλος
1053 2317 1146 2403 ἡΒΗ

16 2454 17 2461 1
102 2435 136 2484 20
155 2425 211 2489 διδι
234 2422 271 2490 δὲ
293 2435 353 2490 τοῦ
378 2430 404 2489 Ζ
427 2435 467 2512 τῃ
488 2429 548 2490 ΓΒ
571 2426 780 2511 παράλληλος
801 2425 822 2509 ἡ
843 2431 921 2509 ΖΗ,
942 2424 999 2490 καὶ
1022 2427 1137 2509 διήχθω

155 2546 218 2596 σαν
241 2533 278 2596 αλ
300 2537 370 2615 ΖΓ,
389 2536 458 2596 ΗΒ
482 2530 535 2596 ἐπὶ
557 2533 597 2595 τὰ
623 2537 661 2616 Θ,
680 2537 714 2597 Κ
734 2545 860 2617 σημεῖα.

221 2636 290 2702 ἐπεὶ
322 2637 461 2702 δοθεῖσολ
489 2637 579 2701 ἐστιν
610 2636 631 2720 ἡ
660 2637 726 2702 ὑπὸ
754 2648 821 2702 τῶν
843 2640 946 2702 ’ΖΓΒ
974 2640 1079 2720 γωνία
1106 2659 1122 2700 κ

155 2745 253 2825 λόγος
276 2741 344 2807 ἐστὶ
367 2752 424 2826 τῆς
448 2747 514 2807 ΖΓ
535 2744 618 2827 πρὸς
640 2745 702 2826 τὴν
726 2748 787 2808 ΓΒ
815 2745 944 2826 δοθείς,
977 2740 1116 2809 δοθδνδ

155 2848 192 2912 τὸ
220 2851 282 2911 ΖΒ
309 2851 652 2934 παραλληλόγραμμον
679 2858 724 2936 τῷ
753 2850 842 2914 εῖδει.
898 2847 1031 2914 δέδοται
1057 2844 1093 2912 δὲ

228 3079 252 3126 1.
272 3067 317 3144 οὗ]
337 3067 376 3127 ὧν
394 3072 421 3126 b.
477 3078 501 3127 4.
522 3072 607 3147 ἐστίν]
627 3076 756 3130 om.Vat.
813 3074 886 3129 ἔστιν
900 3094 926 3129 v.
992 3081 1016 3129 5.
1035 3072 1092 3129 ναί1

155 3175 189 3185 -
210 3148 234 3197 6.
254 3142 339 3214 ἐστιν]
359 3160 412 3197 om.
431 3144 459 3197 b.
532 3149 575 3213 18.
594 3150 637 3218 Ιτῷ
656 3144 737 3218 εἴδει]
756 3146 856 3201 0me
949 3152 973 3201 9.
992 3148 1089 3214 παραλ*

155 3213 295 3285 χραμμον]
313 3210 449 3283 τρίγωνον
463 3232 489 3282 v,
509 3230 577 3269 corr.
592 3234 628 3270 m.
644 3222 669 3285 2,
689 3219 718 3270 et
737 3216 776 3270 sic
797 3216 899 3270 demde
916 3232 968 3286 per
985 3219 1076 3271 totam

155 3287 184 3339 et
202 3300 259 3353 seq.
278 3301 388 3355 propos.
445 3290 486 3339 10.
507 3284 566 3357 ἔχῃ]
588 3285 643 3357 ἔχει
660 3287 757 3341 Vat.v.
813 3286 883 3349 πὸς
901 3286 945 3359 τό]
965 3304 1019 3342 om.
1038 3287 1064 3340 b.

153 3359 192 3428 τῷ
212 3354 293 3427 εἴδει]
313 3372 365 3409 om.
384 3355 412 3409 b.
477 3361 518 3410 16.
539 3358 632 3427 ΑΓΒ]
652 3361 728 3411 ΒΓΑ
747 3357 774 3411 b.
835 3308 918 3429 ἓστω]
938 3357 996 3413 ἐστι
1014 3359 1040 3412 b.

147 3425 392 3497 mam.
467 3432 510 3482 21.
531 3427 599 3498 HR]
618 3431 747 3495 ΗΜΛ
765 3446 791 3497 v,
818 3429 1000 3496 semol).
