2356 3818
121 142 188 206 220
535 139 724 191 ΑΡΡιιαοιΧ.

123 287 187 352 ἀπὸ
211 284 465 370 συναμφοτέρου
488 293 547 368 τῆς
570 286 671 347 ΒΑΓ
691 270 752 348 τοῦ
775 281 840 347 ἄιτδ
863 289 922 366 τῆς
944 283 1022 364 ΒΓ,
1055 281 1133 344 ἔστα

123 394 160 457 τδ
180 397 214 455 Α
236 392 373 477 χωρίον·
397 393 494 473 λόγος
513 391 577 476 ἄρα
596 397 656 453 τοῦ
675 394 708 452 Α
730 389 858 474 χωρίου
880 389 966 474 πρὸς
984 387 1022 451 τὸ
1039 387 1138 451 ΑΒΓ

123 499 288 583 τρίγωνον
307 498 430 573 δοθείς.
457 503 518 560 τοῦ
538 493 575 560 δὲ
593 490 698 560 ΑΒΓ
714 495 799 581 πρὸς
816 495 853 560 τὸ
872 493 939 558 ὑιτδ
958 503 1027 558 τῶν
1045 494 1137 556 ΒΑΓ

124 606 222 686 λόγος
244 600 313 668 ἐστὶ
336 599 452 677 δοθεὶς
474 602 531 666 διδι
553 603 591 666 τὸ
615 602 776 666 δοθεῖσαν
799 594 886 665 εἶναι
904 601 968 683 τὴν
984 598 1053 663 ὑπὸ
1072 607 1131 662 τῶν

88 714 187 774 σΒΑ
194 713 226 774 Γ
248 712 388 791 γωνίαν·
419 705 476 773 καὶ
502 716 563 772 τοῦ
590 712 624 772 Α
651 709 716 794 ἄρα
742 709 868 793 χωρίου
894 707 979 793 πρὸς
1006 707 1045 770 τὸ
1074 704 1131 768 ὑπὸ

124 827 191 880 τῶν
215 818 316 879 ΒΑΓ
338 817 436 895 λόγος
464 811 534 878 ἐστὶ
561 814 688 889 δοθείς·
720 821 781 877 τοῦ
804 808 842 877 δὲ
863 811 930 876 ὑπὸ
953 822 1023 876 τῶν
1046 812 1137 876 ΒΑΓ

124 923 207 1004 πρὸς
233 922 270 985 τὸ
299 919 362 984 ἀπὸ
388 928 446 1003 τῆς
468 923 537 984 ΒΓ
558 922 656 1001 λόγος
683 916 752 984 ἐστὶ
780 919 907 994 δοθείς·
939 915 997 982 καὶ
1024 920 1131 982 τοῦΑ

125 1029 189 1113 ἄρα
211 1027 294 1112 πρὸς
316 1027 354 1090 τὸ
378 1025 441 1090 ἀπὸ
460 1035 518 1108 τῆς
537 1028 605 1089 ΒΓ
621 1027 719 1106 λόγος
742 1023 811 1090 ἐστὶ
833 1024 962 1100 δοθείς·
985 1020 1044 1088 καὶ
1061 1039 1132 1087 συν-

125 1130 222 1198 θέντι
245 1135 343 1214 λόγος
364 1134 429 1218 ἄρα
451 1140 512 1196 τοῦ
531 1136 564 1194 Α
586 1135 710 1218 χωρίου
733 1132 814 1216 μετὰ
835 1137 896 1196 τοῦ
915 1129 980 1195 ἀπὸ
998 1137 1058 1213 τῆς
1076 1128 1133 1193 ΒΓ

74 1254 107 1302 10
125 1240 209 1324 πρὸς
231 1239 268 1302 τὸ
291 1237 356 1301 ἀπὸ
379 1246 437 1321 τῆς
456 1239 524 1300 ΒΓ
542 1235 613 1301 ἐστι
635 1237 758 1312 δοθελς.
795 1235 880 1300 ἀλλὰ
902 1236 941 1300 τὸ
958 1241 993 1301 Δ
1016 1236 1130 1321 χωρίον

126 1344 207 1428 μετὰ
227 1351 288 1407 τοῦ
312 1342 375 1407 ἀπὸ
394 1352 451 1425 τῆς
466 1345 534 1406 ΒΓ
550 1343 588 1406 τὸ
612 1341 676 1407 ἀπὸ
697 1339 955 1428 συναμφοτέρου
972 1349 1034 1425 τῆς
1045 1340 1134 1405 ΒΑΓ

127 1447 230 1514 ἐστιν·
263 1452 361 1532 λόγος
392 1451 455 1535 ἄρα
487 1456 548 1512 τοῦ
584 1447 647 1512 ἀπὸ
676 1445 932 1533 συναμφοτέρου
960 1456 1020 1531 τῆς
1046 1447 1133 1511 ΒΑΓ

127 1557 210 1642 πρὸς
232 1555 269 1620 τὸ
293 1554 357 1619 ιἰιιδ
380 1563 438 1637 τῆς
461 1558 529 1619 ΒΓ
547 1555 675 1630 δοθείς·
701 1555 784 1619 ὥστε
806 1551 862 1617 ιιαδ
884 1551 1128 1638 συναμφοτέρου

127 1671 186 1744 τῆς
198 1665 299 1726 ΒΑΓ
313 1662 396 1747 πρὸς
413 1661 474 1743 τὴν
489 1663 557 1724 ΒΓ
570 1663 668 1742 λόγος
686 1657 755 1725 ε’στδ
774 1660 897 1735 δοθείς.
931 1662 992 1723 καί
1003 1658 1071 1724 ἐστι
1083 1658 1128 1721 δο

76 1781 109 1830 15
128 1774 227 1833 θεῖσα
249 1768 270 1851 ἡ
292 1766 358 1832 ὑπὸ
381 1777 449 1831 τῶν
471 1768 572 1830 ΒΑΓ
590 1767 707 1847 γωνία·
736 1764 868 1830 δέδοται
892 1767 958 1850 ἄρα
980 1767 1019 1830 τὸ
1043 1763 1131 1829 ΑΒΓ

128 1877 293 1960 τρίγωνον
315 1882 361 1960 τῷ
384 1872 474 1936 εἴδει.

416 2136 526 2223 Uulgo
549 2031 858 2222 proff'LXXXVH.

194 2257 271 2323 Ἐδιν
290 2260 352 2324 δύο
371 2260 500 2326 εὐθεῖαι
519 2257 624 2325 δοθὲν
641 2261 765 2344 χωρίον
782 2257 980 2346 περιέχουσιν
999 2258 1036 2324 ἐν
1049 2258 1128 2323 δεδο

76 2378 111 2428 20
129 2363 211 2449 μένῃ
243 2368 362 2450 γωνία,
394 2367 431 2429 τὸ
464 2362 502 2430 δὲ
534 2365 597 2430 ἀπὸ
629 2373 688 2448 τῆς
718 2366 866 2449 μείζονος
897 2373 958 2429 τοῦ
991 2364 1055 2430 ιἰιιὸ
1082 2369 1128 2445 τῆς

130 2469 308 2546 ἐλάσσονος
331 2468 468 2536 δοθέντι
490 2474 599 2554 μεῖζον
621 2464 658 2557 ᾖ,
681 2468 736 2534 καὶ
759 2468 894 2557 ἑκατέρα
916 2471 1030 2536 αὐτῶν
1052 2473 1129 2536 ἔσται

129 2578 278 2643 δοθεῖσα.

197 2685 258 2748 δύο
287 2684 350 2767 γδιρ
379 2682 508 2748 εὐθεῖαι
533 2685 571 2748 αλ
591 2687 666 2767 ΑΒ,
684 2685 753 2746 ΒΓ
775 2678 879 2747 δοθὲν
901 2677 1129 2767 περιεχέτυσαν

130 2793 258 2875 χωρίον’
276 2791 313 2854 τὸ
332 2791 404 2852 ΑΓ
422 2787 459 2853 έν
481 2787 642 2874 δεδομένῃ
666 2792 772 2876 γωνίᾳ
794 2797 834 2874 τῇ
856 2787 922 2852 ὑπὸ
946 2797 1015 2853 τῶν
1033 2785 1130 2865 ΑΒΓ,

77 2906 111 2955 25
130 2896 167 2959 τὸ
191 2891 229 2958 δὲ
252 2894 316 2958 ἀπὸ
339 2903 397 2978 τῆς
420 2899 484 2958 ΑΒ
513 2893 649 2960 δοθέντι
675 2897 786 2978 μεῖζον
808 2897 890 2959 ἔστω
914 2901 975 2958 τοῦ
999 2893 1063 2959 ἀπὸ
1083 2898 1131 2972 τῆς

131 3002 211 3063 ΒΓ·
240 2999 339 3083 λέγω,
363 3000 414 3065 ὅτι
441 3001 581 3065 δοθεῖσιλ
605 3000 694 3065 ἐστιν
722 2998 858 3086 έκατέρα
880 3008 949 3065 τῶν
971 3004 1054 3083 ΑΒ,
1069 2995 1129 3062 ΒΓ.

202 3128 282 3182 Hanc
300 3127 521 3198 propositionem
540 3146 603 3183 oum
621 3129 750 3198 sequenti
768 3130 901 3184 lemmate
919 3129 958 3183 ad
975 3128 1060 3184 finem
1076 3121 1131 3180 libri

131 3201 197 3270 post
220 3199 357 3253 scholium
379 3218 420 3254 nr.
441 3207 491 3254 175
514 3201 622 3256 habent
644 3201 735 3256 Pvat.
756 3201 867 3270 (Vat.,);
894 3199 925 3253 in
948 3200 1014 3256 Vat.
1033 3211 1130 3270 propo&

131 3271 234 3325 iterum
252 3270 357 3341 legitur
375 3271 413 3325 ad
429 3288 508 3341 prop.
528 3272 578 3330 ιις’
598 3289 653 3341 mg.
672 3290 709 3325 m.
728 3287 782 3325 reo.
802 3271 915 3343 (vat.,);
935 3287 989 3327 om.
1009 3271 1058 3326 vb.

205 3412 229 3460 1.
255 3404 334 3477 ἔστω]
354 3422 407 3458 om.
426 3403 453 3457 b.
527 3412 551 3459 2.
575 3404 607 3459 τό
622 3406 695 3476 (pr.)]
715 3422 768 3460 om.
787 3405 861 3474 vat„
881 3404 947 3460 add.
966 3423 1004 3461 m.
1022 3409 1049 3460 λ.
1110 3403 1130 3451 8·

131 3477 198 3547 τῶν]
217 3483 266 3546 τῆς
283 3476 310 3530 b.
384 3480 409 3529 4.
429 3473 527 3538 δοθείς
545 3475 602 3530 ἐστι
619 3477 646 3530 b.
730 3482 753 3530 7.
772 3477 847 3530 Ante
864 3475 936 3544 πρός
953 3475 1021 3530 hab.
1039 3468 1131 3546 γονέα*
