2356 3818
125 156 147 220 6
530 153 733 207 ΔΒΔΟΜΒΝΑ.

193 298 262 364 ἐπεὶ
285 300 348 385 γὰρ
372 297 503 364 δέδοται
526 299 563 363 τὸ
587 303 633 381 A,
661 297 806 361 δυνατόν
828 293 920 360 ἐστιν
946 292 1040 382 αὐτῷ
1063 298 1151 375 ἴσον,

126 410 339 494 πορίσασθαι.
383 407 576 491 πεπορίσθω
599 401 655 468 καὶ
678 405 759 468 ἔστω
782 403 820 466 τὸ
843 403 880 466 Γ.
926 399 1044 484 πάλιν,
1070 396 1137 465 ἐπεὶ

125 511 307 597 δεδομένον
329 509 398 576 ἐστὶ
420 513 457 576 τὸ
481 515 525 593 Β,
553 510 698 575 δυνατόν
720 507 811 573 ἔστιν
833 507 923 595 αὐτῷ
947 512 1024 572 ίσον
1047 509 1138 593 πορί-

127 625 260 684 σασθαι.
307 621 500 706 πεπορίσθω
528 614 583 680 καὶ
611 617 693 680 ἔστω
721 615 758 679 τὸ
781 620 823 678 Δ.
872 610 942 678 ἐπεὶ
970 608 1036 679 οὖν
1064 619 1139 679 ἴσον

91 723 196 790 οέστὶ
223 727 259 791 τὸ
287 721 347 810 μέν
371 730 403 788 A
425 726 533 812 τῷΓ,
565 723 602 787 τὸ
626 717 662 786 δέ
684 725 713 786 Β
737 730 783 808 τῷ
805 726 852 804 Δ,
884 722 975 785 ἔστιν
1002 721 1071 806 ἄρα
1097 720 1140 797 ὡς

125 833 164 897 τὸ
182 837 215 896 Α
236 834 320 917 πρὸς
342 833 379 896 τὸ
399 832 437 914 Γ,
460 829 565 906 οὕτως
587 829 625 893 τὸ
647 832 676 893 Β
699 828 783 913 πρὸς
804 829 842 892 τὸ
861 832 906 892 Δ·
929 825 1073 906 ἐναλλὰξ
1096 827 1141 904 ὡς

125 940 163 1004 τὸ
186 943 219 1002 A
241 939 324 1023 πρὸς
346 937 383 1001 τὸ
407 939 446 1019 Β,
470 935 575 1012 οὕτως
597 936 634 1000 τὸ
654 937 687 1000 Γ
704 935 787 1020 πρὸς
808 935 846 998 τὸ
865 938 905 998 Δ.
942 941 1002 997 τοῦ
1017 939 1059 998 A
1076 935 1142 1021 ἄρα

125 1046 209 1130 πρὸς
231 1045 268 1108 τὸ
292 1046 320 1107 Β
349 1044 447 1123 λόγος
469 1039 538 1105 ἐστὶ
561 1040 688 1116 δοθείς·
716 1040 734 1106 ὁ
758 1039 857 1117 αὐτὸς
880 1039 942 1123 γὰρ
966 1037 1061 1128 αὐτῷ
1084 1062 1140 1106 πε
1175 1024 1177 1063 ⁵

125 1153 279 1237 πόρισται
303 1147 321 1213 ὁ
344 1157 404 1212 τοῦ
429 1150 461 1212 Γ
477 1148 560 1235 πρὸς
582 1149 619 1212 τὸ
643 1152 684 1212 Δ.

73 1355 108 1404 10
610 1340 654 1424 β’.

83 1536 89 1545 ,
190 1464 267 1532 ’Βδεν
289 1463 469 1550 δεδομένον
491 1464 632 1550 μέγεθος
653 1466 736 1551 πρὸς
759 1466 840 1529 ίίλλο
862 1486 895 1529 τι
917 1461 1063 1548 μέγεθος
1086 1467 1140 1531 λό-

125 1599 187 1657 γον
209 1576 265 1660 ἔχῃ
289 1570 478 1658 δεδομένον,
501 1570 639 1637 δέδοται
656 1569 788 1658 αρἰκείνο
811 1579 857 1658 τῷ
880 1567 1024 1655 μεγέθει.

194 1679 372 1766 δεδομένον
395 1681 459 1766 γὰρ
477 1678 618 1765 μέγεθος
636 1680 673 1744 τὸ
693 1684 725 1742 A
748 1678 830 1763 πρὸς
848 1679 928 1742 ἄλλο
947 1699 979 1741 τι
997 1675 1142 1760 μέγεθος

126 1788 163 1852 τὸ
186 1791 215 1851 Β
243 1791 345 1872 λόγον
367 1786 465 1872 ἐχέτω
489 1784 681 1870 δεδομένον·
704 1783 815 1867 λέγω,
842 1783 893 1868 51⁶
922 1781 1056 1848 δέδοται
1086 1782 1141 1851 καί
1175 1794 1177 1849 ἱ

74 1905 109 1953 15
127 1895 164 1958 τὸ
188 1896 216 1957 Β
240 1904 286 1981 τῷ
309 1892 452 1979 μεγέθει.

194 1997 263 2063 ἐπεὶ
286 2001 349 2086 γὰρ
373 1998 504 2063 δέδοται
526 1999 564 2063 τὸ
587 2004 634 2080 A,
662 1998 808 2063 δυνατόν
830 1995 920 2062 ἔστιν
947 1996 1038 2085 αὐτῷ
1062 2003 1139 2064 ἶσον

126 2106 342 2188 πορίσασθαι.
392 2106 586 2191 πεπορίσθω
617 2101 673 2169 καί
706 2105 787 2168 ἔστω
820 2104 857 2168 τὸ
891 2105 927 2168 Γ.
981 2102 1040 2170 καὶ
1071 2100 1141 2171 ἐπεὶ

128 2208 261 2274 δέδοται
288 2209 307 2275 δ
330 2218 391 2274 τοῦ
414 2216 446 2274 A
472 2211 555 2295 πρὸς
577 2210 614 2275 τὸ
637 2214 667 2274 Β
690 2212 801 2292 λόγος·
834 2210 940 2287 οὕτως
967 2210 1031 2295 γὰρ
1055 2210 1137 2277 ὑπό-

128 2335 246 2383 κειται·
282 2316 428 2380 δυνατόν
455 2314 545 2381 ἔστιν
577 2316 666 2396 αὐτῷ
698 2317 757 2381 τὸν
789 2317 892 2382 αὐτὸν
922 2319 1138 2404 πορίσασθαι.

74 2434 111 2484 20
128 2424 322 2509 πεπορίσθω
345 2420 401 2487 καὶ
424 2424 506 2487 ἔστω
529 2421 547 2487 ὁ
571 2430 630 2486 τοῦ
655 2424 687 2486 Γ
708 2421 792 2506 πρὸς
814 2423 851 2487 τὸ
874 2428 908 2487 Λ
930 2424 1038 2505 λόγος.
1084 2420 1139 2488 καί
1164 2482 1168 2489 .

130 2528 203 2595 ἐπεί
218 2527 308 2594 ἐστιν
331 2528 376 2605 ὡς
394 2529 431 2593 τὸ
446 2534 478 2592 A
500 2529 583 2613 πρὸς
600 2528 637 2592 τὸ
656 2530 696 2610 Β,
719 2526 825 2604 οὕτως
842 2527 879 2592 τὸ
895 2530 928 2593 Γ
944 2529 1028 2615 πρὸς
1046 2530 1084 2594 τὸ
1098 2534 1141 2611 Δ,

130 2634 267 2714 ἐναλλὰξ
295 2637 359 2723 ίίρα
386 2633 476 2700 ἐστὶν
499 2634 544 2711 ὡς
566 2635 603 2699 τὸ
627 2639 659 2697 A
685 2635 768 2718 πρὸς
790 2634 827 2698 τὸ
851 2635 893 2717 Γ,
921 2634 1027 2711 οὕτως
1049 2637 1088 2702 τὸ
1111 2637 1138 2699 Β

130 2744 213 2827 πρὸς
234 2744 272 2808 τὸ
295 2748 336 2808 Δ.
379 2747 453 2807 ίσον
475 2738 511 2806 δὲ
535 2741 571 2806 τὸ
595 2746 627 2804 A
649 2749 695 2826 τῷ
720 2742 765 2804 Γ·
790 2745 864 2804 ίσον
886 2741 951 2826 θρα
972 2738 1028 2805 καὶ
1045 2743 1138 2808 ,τὸΒ

131 2857 176 2936 τῷ
203 2854 249 2912 Δ·
286 2847 419 2914 δέδοται
450 2849 515 2935 ίίρα
541 2849 578 2912 τὸ
602 2851 630 2911 Β
657 2843 810 2930 μέγεθος·
848 2852 922 2913 ἴσον
953 2847 1016 2932 γὰρ
1050 2847 1140 2937 αὐτῷ

77 2964 112 3015 25
131 2957 325 3040 πεπόρισται
347 2955 384 3018 τὸ
407 2959 465 3019 A.-

205 3151 228 3197 1.
247 3143 308 3199 ίσον
327 3146 403 3217 αὐτῷ
421 3161 447 3199 a.
537 3151 561 3200 3.
581 3143 666 3215 ἐστιν]
686 3160 740 3198 om.
759 3161 784 3197 a.
876 3148 899 3198 ὅ.
919 3148 956 3216 τῷ
971 3146 1045 3216 (pr.)]
1064 3144 1098 3200 τί
1117 3163 1142 3202 a.

168 3221 192 3297 ⁷:
211 3215 273 3287 τοῦ]
291 3214 323 3269 τό
342 3233 367 3270 ο..
435 3219 469 3296 ,8.
488 3216 558 3296 πρὸς
574 3214 722 3283 τδΒίιρα
741 3231 766 3269 ο.
841 3219 882 3270 10.
903 3215 935 3268 τὸ
953 3213 1176 3286 β’ἰιιδοῐῒπ,“

72 3292 82 3317 ·
131 3286 207 3411 βα
224 3287 402 3431 τίοιεν
635 3358 668 3428 π
691 3291 732 3410 ο
745 3282 930 3411 μέγα

132 3400 211 3484 ἔστιν
226 3446 251 3485 ο..
308 3413 349 3483 1¹8.
369 3401 440 3483 οὕτω
454 3412 491 3482 P.¹
545 3401 631 3490 οὕτως
645 3427 698 3497 γὰρ
712 3374 870 3499 grauatim]
890 3400 944 3483 οδω
959 3444 985 3482 ο..
1040 3402 1085 3485 θθ.
1099 3450 1117 3486 τ

131 3507 182 3554 τοῦ
201 3517 226 3555 ο.
299 3504 342 3555 21.
362 3500 409 3571 ὡς]
429 3499 493 3555 add.
513 3517 548 3554 m.
568 3505 584 3553 2
603 3499 667 3554 Vat.
688 3498 767 3568 (item
779 3497 828 3555 lin.
843 3502 897 3568 να),
915 3497 946 3552 in
963 3515 1018 3554 ras.
1033 3517 1070 3557 m.
1086 3508 1104 3557 2
1118 3518 1145 3558 v.
