2356 3818
135 813 284 879 Primum
306 816 514 879 statuendum
538 821 602 899 est,
630 816 758 879 datum
782 815 860 898 quid
884 816 941 899 sit3
969 816 1082 880 deinde

67 919 255 1004 dicendum,
284 943 366 1004 quae
389 920 516 984 utilitas
541 922 584 984 sit
608 921 838 1004 disputationis
862 922 900 985 de
924 922 1013 986 dato
1036 922 1083 985 in-

70 1025 220 1109 stitutae3
243 1027 341 1090 tertio
347 1077 356 1111 ‚
379 1028 420 1091 ad
443 1050 541 1111 quam
564 1027 733 1091 scientiam
755 1028 922 1092 referatur.

138 1132 296 1195 definiunt
317 1131 420 1217 igitur
444 1134 572 1197 datum
596 1134 708 1198 multis
731 1133 844 1218 modis,
868 1140 965 1218 atque
989 1134 1083 1198 aliter

70 1237 282 1322 uetustioreS,
309 1237 404 1302 aliter
430 1239 635 1303 recentiores.
683 1261 780 1322 quare
807 1239 1018 1326 factumest,
1046 1245 1083 1305 ut

70 1341 214 1406 difficilis
247 1349 332 1408 esset
363 1366 442 1408 uera
474 1345 542 1408 eius
575 1345 757 1428 explicatio.
814 1368 850 1409 ac
883 1347 1015 1430 quidam
1042 1370 1082 1411 ne

71 1448 293 1514 definitionem
326 1451 456 1535 quidem
484 1452 552 1515 eius
581 1451 797 1535 tradiderunt,
833 1453 888 1516 sed
915 1453 1084 1537 proprium

72 1554 196 1638 aliquid
219 1556 299 1620 dati
321 1556 467 1621 inuenire
491 1561 712 1642 tentauerunt3
736 1557 792 1620 alii
812 1562 921 1620 autem
942 1559 1009 1622 iam
1032 1557 1082 1641 iis,

70 1681 153 1742 quae
177 1661 219 1725 ab
241 1661 308 1725 illis
332 1662 521 1746 dictasunt,
546 1663 706 1726 contextis
724 1662 806 1725 illud
824 1661 956 1725 definire
976 1662 1084 1726 conati

72 1770 158 1851 sunt,
181 1790 218 1831 ac
240 1788 281 1831 ne
303 1768 339 1830 hi
363 1767 492 1850 quidem
515 1768 744 1833 conuenienter
767 1768 830 1831 sibi
848 1767 938 1851 ipsis.
975 1768 1084 1832 uiden-

71 1876 126 1934 tur
149 1876 258 1937 autem
278 1895 388 1937 omnes
407 1874 448 1937 ab
466 1897 532 1938 una
550 1879 646 1958 atque
666 1874 778 1937 eadem
796 1873 929 1937 notione
948 1877 981 1936 et
1000 1895 1082 1937 com-

72 1977 286 2061 prehensione
305 1979 444 2062 profecti
468 1979 591 2061 aliquid
610 1980 647 2042 de
668 2001 705 2042 co
725 1978 838 2043 dicere.
877 1979 1084 2063 comprehen'

72 2083 166 2146 sibile
181 2084 267 2148 enim
282 2084 405 2168 aliquid
419 2085 548 2149 datum
562 2107 631 2149 esse
646 2089 851 2168 putauerunt.
873 2086 1084 2168 quamobrem

72 2210 192 2272 eorum,
212 2189 267 2272 qui
286 2191 416 2254 datum
435 2190 614 2273 simplicius
634 2196 666 2255 et
684 2213 749 2255 uno
769 2192 878 2274 aliquo
898 2191 1082 2256 discrimine

73 2295 337 2359 circumscribere
366 2295 429 2359 sibi
452 2301 705 2380 proposuerunt,
733 2296 802 2381 alii,
829 2301 866 2360 ut
888 2297 1082 2380 Apollonius

70 2400 106 2463 in
128 2401 212 2465 libro
237 2402 275 2465 de
298 2400 564 2465 inclinationibus
588 2402 674 2464 etin
693 2401 836 2485 generali
855 2401 1084 2486 disputatione,

72 2505 114 2587 id,
138 2506 225 2588 quod
248 2505 469 2570 ordinatum
493 2511 555 2588 est,
580 2505 648 2588 alii,
671 2509 708 2568 ut
731 2505 909 2588 Diodorus,
931 2504 973 2587 id,
997 2506 1084 2588 quod

72 2615 205 2675 notum
229 2616 286 2696 est,
311 2612 440 2675 datum
464 2633 533 2675 csse
557 2614 749 2675 statuerunt.
797 2611 843 2674 sic
866 2609 952 2673 enim
975 2610 1083 2676 radios

72 2722 105 2781 et
124 2717 261 2802 angulos
285 2719 396 2782 datos
420 2740 489 2782 esse
514 2717 592 2781 dicit
615 2721 648 2780 et
672 2716 895 2800 quodcumque
918 2715 954 2778 in
977 2715 1085 2800 cogni·

71 2822 195 2886 tionem
218 2823 360 2906 aliquam
383 2823 483 2908 uenit,
506 2823 634 2886 etiamsi
658 2821 816 2885 rationale
834 2842 902 2884 non
920 2820 971 2885 sit.
1006 2843 1085 2885 non·

72 2928 155 2991 nulli
182 2933 292 2992 autem
323 2928 518 2993 rationale
549 2927 631 2991 illud
658 2949 728 2992 esse
757 2926 1015 3009 affirmauerunt,
1047 2932 1085 2990 ut

73 3033 203 3098 uidetur
220 3033 435 3118 Ptolemaeus,
459 3035 547 3097 data
564 3035 736 3098 nominans
755 3033 821 3115 illa,
845 3055 982 3116 quorum
999 3054 1085 3096 men·

26 3222 28 3226 4
73 3162 150 3204 sura
177 3145 256 3203 nota
283 3145 333 3204 est
362 3139 415 3203 uel
442 3162 575 3223 prorsus
603 3140 657 3204 uel
683 3140 838 3223 proxime.
894 3143 927 3202 et
954 3138 1085 3220 quidam

108 3337 132 3385 9.
152 3328 236 3403 παρ’]
255 3328 317 3398 περ’
334 3348 360 3385 v.
433 3336 474 3384 13.
496 3330 552 3400 διό]
572 3332 617 3384 διο
632 3352 681 3385 και
698 3331 728 3399 P,
748 3351 797 3385 aaa
814 3328 926 3399 punctis
941 3328 995 3384 del.
1010 3346 1047 3384 m.
1059 3334 1084 3386 1.

108 3407 150 3456 14.
171 3401 371 3472 ἁπλούστερον]
391 3398 586 3468 ἁπλουστέρων
604 3402 669 3455 Vat.
864 3415 867 3419 ·
