2356 3818
89 108 154 172 134
490 110 691 163 AEAOMEM

88 254 124 318 τὸ
148 256 254 317 ΑΓΚ
274 256 437 339 τρίγωνον
460 263 506 340 τῷ
529 253 622 317 είδει·
653 255 750 336 λόγος
772 254 837 338 ἄρα
860 250 929 317 ἐστὶ
951 260 1009 335 τῆς
1030 253 1096 316 ΑΓ

87 360 170 442 πρὸς
192 360 253 442 τὴν
273 362 340 423 ΓΚ
361 360 489 435 δοθείς·
512 368 569 442 της
592 355 629 424 δέ
647 363 718 423 ΑΓ
734 360 818 445 πρὸς
834 360 896 442 τὴν
913 362 978 423 ΕΖ
1000 360 1165 447 λόγοςὲ

88 463 157 528 ε’στλ
181 465 307 540 δοθείς·
330 463 385 530 καὶ
403 475 461 548 της
480 469 546 530 ΓΚ
566 467 630 552 ἄρα
648 466 731 551 πρὸς
748 467 809 549 τὴν
826 468 892 529 ΕΖ
914 467 1013 546 λόγος
1028 461 1135 532 έστὶῖ

89 571 212 647 δοθείς.
262 574 330 636 ἔστι
363 567 400 636 δέ
431 569 486 635 καὶ
519 580 577 654 της
605 575 665 636 ΓΒ
697 572 780 657 πρὸς
810 573 872 654 τὴν
900 574 974 634 ΖΗ
1000 572 1139 652 λόγοὲ

53 678 213 761 ὁδοδείς,
236 681 294 741 καί
315 676 404 742 ἐστιν
427 683 481 760 ίση
505 676 525 760 ἡ
547 677 613 743 ὑπὸ
636 689 703 743 τῶν
722 681 818 742 ΚΓΒ
841 680 949 760 γωνία
969 686 1009 761 τῇ
1031 674 1122 740 im&

87 795 154 849 τῶν
186 788 306 849 ΕΖΗ·
343 787 440 866 λόγος
472 785 537 869 ἄρα
570 782 638 847 ε’στλ
669 792 729 848 τοῦ
757 786 818 848 ΓΛ
848 784 933 869 πρὸς
963 783 1000 847 τὸ
1033 784 1167 856 ΖΞ

90 890 214 966 δοθείς.
260 896 334 954 ἴσον
357 886 394 953 δὲ
416 891 453 954 τὸ
478 893 538 954 ΓΛ
559 899 605 976 τῷ
630 893 703 954 ΓΛ·
735 892 832 972 λόγος
858 891 923 975 ἄρα
946 885 1014 953 ἐστὶ
1035 905 1154 958 το-η)

40 988 42 993 ’
91 1000 152 1061 ΓΛ
174 998 257 1082 πρὸς
279 997 316 1060 τὸ
341 1001 405 1060 ΖΘ
428 997 550 1072 δοθείς.

565 1214 628 1254 oa.

35 1324 68 1372 10
153 1311 229 1377 Ἐδιν
252 1314 313 1376 δόο
336 1314 509 1398 τριγώνων
536 1312 612 1399 περὶ
640 1320 713 1389 ίσοις
734 1315 858 1395 γωνίας
884 1310 905 1394 ἣ
928 1309 1002 1397 περὶ
1023 1309 1124 1375 ἄνι’-

88 1435 168 1495 σονς
190 1418 261 1503 μέν,
285 1418 464 1503 δεδομένας
487 1418 534 1503 δέ,
557 1421 594 1484 αί
614 1417 753 1504 πλευραὶ
775 1419 859 1504 πρὸς
881 1417 1023 1502 ἀλλήλας
1038 1415 1122 1481 λό·

87 1549 148 1608 γον
167 1529 265 1609 ἔχωσι
285 1523 475 1610 δεδομένον,
493 1524 548 1590 καὶ
563 1525 647 1591 αὐτὰ
663 1525 703 1590 τδι
717 1529 862 1611 τρίγωνα
875 1525 960 1610 πρὸς
972 1526 1122 1607 ἄλληλα

88 1636 188 1715 λόγον
212 1636 276 1715 ἔχει
300 1630 488 1715 δεδομένον.

155 1740 216 1803 δύο
247 1740 309 1824 γδιρ
342 1739 514 1823 τριγώνων
545 1748 612 1801 τῶν
643 1740 756 1820 ΑΒΓ,
782 1740 885 1801 ΑΕΘ
916 1734 991 1822 περὶ
1023 1742 1126 1800 ἴσας

37 1853 70 1901 15
88 1849 212 1928 γωνίας
234 1846 292 1919 τδις
313 1845 397 1927 πρὸς
418 1854 488 1918 τοῖς
506 1848 548 1926 Α,
561 1847 594 1906 Δ
616 1841 637 1925 ἣ
659 1839 736 1928 περὶ
753 1841 890 1918 ἀνίσους
909 1841 980 1927 μέν,
1002 1841 1126 1906 δαῖθ’

88 1950 188 2034 μένας
215 1949 266 2033 δέ,
298 1952 336 2014 αί
359 1946 498 2035 πλευραὶ
527 1949 610 2033 πρὸς
638 1947 779 2031 ἀλλήλας
807 1951 907 2030 λόγον
936 1947 1132 2033 ἐχέτωσαν
1161 1962 1166 1971 ·

89 2055 277 2139 δεδομένον,
302 2055 356 2120 καὶ
376 2059 457 2119 ἔστω
481 2056 578 2136 λόγος
600 2062 658 2136 της
680 2049 740 2137 μέν
762 2057 825 2117 BA
847 2055 930 2138 πρὸς
952 2055 1012 2138 τὴν
1028 2035 1136 2118 ΕΛ

89 2163 214 2244 δοθείς,
238 2171 296 2244 τῆς
319 2158 355 2224 δὲ
378 2165 449 2225 ΑΓ
466 2161 549 2246 πρὸς
571 2162 632 2243 την
653 2165 687 2224 Α
695 2164 736 2223 Θ·
764 2158 863 2242 λέγω,
886 2159 938 2223 ὅτι
959 2158 1013 2224 καὶ
1033 2144 1140 2223 τοῦ

89 2271 194 2331 ΑΒΓ
225 2268 390 2351 τριγώνου
427 2268 525 2348 λόγος
562 2263 630 2330 ἐστὶ
662 2263 777 2341 δοθεὶς
811 2265 895 2350 πρὸς
926 2265 963 2330 τὸ
995 2266 1067 2329 ΕΔ
1089 2246 1144 2309 θ

35 2383 70 2431 20
87 2377 260 2459 τρίγωνον.
640 2448 643 2455 Ι

155 2481 451 2565 συμπεπληρώσθω
462 2479 525 2564 γὰρ
539 2479 579 2542 τὰ
593 2484 626 2542 A
630 2483 675 2562 H,
684 2482 751 2541 ΑΖ
765 2476 1143 2564 παραλληλόγραμμα·

155 2585 223 2651 ἐπεὶ
256 2583 317 2652 οὖν
348 2588 409 2651 δύο
441 2584 791 2671 παραλληλογράμμων
823 2593 891 2648 τῶν
922 2587 1009 2667 AH,
1026 2581 1073 2647 Δ
1092 2559 1140 2631 Ζ

88 2691 162 2779 περὶ
185 2695 242 2768 τὰς
266 2699 339 2768 ίσας
361 2694 484 2775 γωνίας
511 2689 531 2773 ἢ
555 2689 629 2775 περὶ
652 2689 788 2765 ἀνίσους
815 2687 890 2772 μέν,
918 2685 1137 2774 δεδομένας

1064 2822 1087 2859 .
1114 2852 1125 2873 Ι

87 2952 200 3021 punctis
220 2953 273 3007 del.
320 2956 357 3007 at.
448 2959 471 3007 3.
495 2949 544 3007 καί
563 2985 596 2993 -
616 2959 639 3006 4.
659 2948 759 3014 δοθείς
789 2968 842 3006 om
860 2950 888 3005 b.
979 2955 1004 3005 4.
1052 2948 1102 2995 0⁵

87 3023 169 3092 λόγος
186 3023 251 3078 hab.
272 3022 328 3077 ἐστί
346 3042 372 3092 v,
392 3023 445 3077 del.
464 3042 500 3078 m.
520 3026 583 3094 2(?).
667 3029 690 3077 ὃ.
711 3043 759 3077 ναι
795 3039 847 3076 om.
867 3022 895 3077 b.
978 3027 1001 3076 6.
1019 2996 1117 3125 ml?

88 3111 177 3149 om.v.
241 3093 284 3166 τό]
304 3110 356 3147 om.
368 3094 394 3147 b.
460 3099 482 3148 7.
503 3093 564 3149 ίσον
578 3099 645 3149 -8,
660 3091 769 3165 δοθείς]
788 3092 833 3146 bis
846 3092 879 3160 b;
899 3091 948 3148 alt.
963 3084 1108 3147 1000110·

88 3183 125 3220 m.
146 3172 169 3220 ν.
245 3171 267 3219 ι.
287 3164 330 3235 ιι]
351 3163 444 3217 omb.
518 3165 574 3218 εστι
592 3162 641 3219 ιιι
658 3183 684 3219 v.
757 3168 781 3218 ε.
804 3164 868 3235 το]
889 3163 988 3218 τιτι.
1052 3148 1104 3207 1⁰·

87 3236 139 3299 τὰς
157 3235 218 3299 ἴσας
235 3236 268 3305 b,
291 3235 360 3288 item
378 3233 426 3287 lin.
448 3240 488 3290 14.
562 3241 603 3290 12.
624 3233 707 3307 αὐτοὶ]
725 3233 814 3289 ταώτοί
832 3235 849 3305 β
868 3236 935 3303 (non
951 3233 989 3304 b).
1050 3220 1097 3277 1ss

90 3305 144 3372 ἕξει
162 3308 188 3362 b.
254 3312 295 3361 14.
314 3305 381 3376 τῶν]
401 3304 435 3358 τό
453 3305 480 3360 b.
551 3312 591 3360 15.
610 3304 660 3368 τοίς
680 3338 711 3347 -
731 3306 768 3377 Δ]
788 3322 840 3359 om.
860 3305 887 3359 b.
953 3310 992 3359 16.
1008 3282 1093 3357 &224¹

324 2887 408 2936 ΑΒΓ
426 2883 453 2937 b.
543 2882 611 2935 Post
628 2878 764 2950 τρίγωνον
782 2880 847 2935 hab.
868 2877 918 2933 διδι
936 2882 1032 2950 (comp.

84 3380 153 3441 λους
170 3378 196 3432 b.
289 3383 330 3432 18.
354 3376 414 3470 τῆς]
437 3385 485 3430 τοῦ
504 3377 531 3431 b.
623 3383 664 3430 19.
688 3378 757 3445 πρὸς
774 3376 807 3431 τὸ
825 3378 913 3431 ΔΕΘ
935 3374 1012 3447 λόγος
1030 3352 1089 3423 305²

74 3446 178 3514 δοθείς
199 3450 222 3507 b.
302 3455 345 3507 20.
366 3449 521 3522 mtywvov]
538 3465 594 3503 om.
610 3447 664 3502 ¹11).
