2356 3818
399 150 439 200 m
456 149 627 202 cucumis
645 151 749 205 narr.
1018 149 1082 214 249

72 293 147 356 nale
171 292 228 376 sit,
260 315 296 358 ao
320 294 464 357 nondum
486 293 656 357 inuentum
678 292 837 357 rationale
861 316 938 358 esse.
986 295 1086 359 ordi-

68 402 204 463 natum
227 404 334 464 autem
355 403 388 463 et
411 399 677 462 inordinatum
701 421 739 462 ex
757 399 798 462 iis
819 404 903 485 sunt,
927 422 1008 484 quae
1026 423 1084 484 per

71 526 104 568 se
125 508 158 568 et
175 509 294 570 natura
312 528 372 570 sue
390 504 633 589 intelleguntur,
652 504 780 569 etiamsi
799 528 819 569 a
831 505 927 570 nobis
940 507 1084 570 nondum

70 614 148 674 sunt
175 610 317 675 inuenta.
372 611 477 675 multa
505 611 648 695 quidem,
681 633 763 694 quae
790 616 908 675 natura
935 611 1085 677 ordinata

70 720 157 802 sunt,
179 739 282 800 neque
302 718 343 781 ab
362 717 412 802 iis,
437 717 493 802 qui
513 722 587 782 ante
605 717 747 802 fuerunt,
769 723 948 803 perspecta,
970 723 1086 802 postea

69 820 281 887 Archimedes
298 822 446 888 ordinata
461 844 530 887 esse
545 824 789 888 demonstrauit.
821 828 956 888 notum
976 829 1085 888 autem

71 932 104 992 et
122 928 299 1014 ignotum
318 929 478 1015 dicuntur,
497 933 656 1013 quatenus
672 931 712 994 ad
726 951 786 995 nos
801 930 992 994 referuntur.
1025 929 1085 994 ita-

71 1057 133 1119 que
158 1057 203 1119 ea,
227 1057 308 1118 quae
327 1035 495 1100 nominata
514 1039 599 1120 sunt,
623 1036 775 1101 differunt
798 1036 883 1100 inter
902 1057 946 1120 se,
969 1035 998 1100 si
1017 1036 1085 1119 qui-

70 1141 145 1204 dem
159 1163 260 1204 unum
275 1141 315 1204 ad
331 1163 391 1206 nos
406 1142 553 1227 refertur,
568 1141 706 1207 alterum
721 1143 762 1207 ad
774 1147 936 1228 naturam,
949 1142 1086 1207 tertium

70 1246 112 1310 ad
135 1268 327 1311 mensuram.

139 1352 271 1416 definita
295 1359 404 1419 autem
427 1358 460 1418 et
484 1353 677 1438 cognatione
702 1358 735 1418 et
757 1356 939 1421 differentia
962 1378 1085 1440 eorum,

71 1479 154 1541 quae
182 1459 351 1544 proposita
378 1463 468 1543 sunt,
501 1459 661 1544 sequitur,
692 1464 744 1546 ut,
776 1461 853 1545 quid
880 1462 1011 1525 tandem
1039 1461 1084 1526 sit

70 1565 214 1649 datum,
243 1565 393 1648 deinceps
417 1565 666 1630 consideremus.
713 1570 874 1650 quotquot
897 1565 999 1651 igitur
1023 1567 1084 1629 da·

70 1674 151 1734 tum
180 1671 213 1734 id
246 1693 315 1736 esse
343 1676 475 1756 putant,
508 1671 594 1754 quod
618 1693 657 1734 ex
679 1671 855 1756 hypothesi
882 1671 999 1754 abeo,
1027 1670 1084 1753 qui

70 1776 234 1860 proponit,
253 1778 357 1863 datur,
380 1778 487 1859 abeo,
508 1778 594 1861 quod
613 1776 789 1861 quaeritur,
811 1777 971 1840 aberrant.
1007 1797 1083 1840 nam

71 1883 182 1946 omnia
209 1883 387 1947 datorum
415 1883 575 1946 elementa
601 1904 668 1946 non
695 1883 734 1946 de
767 1882 868 1946 datis
897 1904 940 1946 ex
966 1882 1084 1966 hypo·

71 1988 175 2052 thesi
208 1988 390 2071 composita
422 1992 513 2071 sunt,
544 1991 581 2050 ut
612 1987 654 2051 iis
682 1988 759 2053 licet
787 2009 995 2073 cognoscere,
1028 1987 1083 2071 qui

71 2093 309 2177 disputationes
325 2095 363 2156 de
376 2093 438 2157 hac
451 2115 486 2156 re
499 2093 669 2158 institutas
684 2094 812 2159 adeunt.
841 2096 1084 2178 quare⁸oportet

71 2200 173 2262 etiarn
196 2219 266 2282 nos,
287 2197 349 2261 hac
373 2196 524 2280 opinione
548 2197 668 2264 omissa
692 2220 812 2286 eorum,
836 2199 891 2284 qui
915 2199 1010 2266 aliter
1032 2200 1084 2266 de-

70 2303 205 2388 finiunt,
243 2303 386 2368 rationes
419 2303 599 2390 explorare3
637 2305 699 2370 erit
736 2311 845 2372 autem
877 2307 1007 2372 datum
1040 2328 1083 2370 ex

70 2409 280 2494 hypothesi
294 2409 336 2494 id,
355 2409 442 2493 quod
456 2410 685 2476 conuenienter
698 2412 866 2497 principiis
880 2411 1083 2497 perspicitur.

70 2516 95 2578 ii
128 2516 243 2601 igitur,
280 2516 336 2600 qui
368 2516 611 2581 definitionibus
643 2517 782 2602 singulis
814 2517 1001 2582 nominibus
1032 2537 1084 2580 ex-

71 2622 191 2706 pressis
206 2627 351 2706 utuntur,
369 2622 417 2687 ita
431 2623 598 2707 definiunt,
611 2611 649 2686 ut
663 2644 727 2686 una
741 2623 850 2707 aliqua
863 2643 983 2707 earum,
1002 2643 1083 2704 quas

72 2727 250 2812 attulimus,
268 2728 440 2792 notionum
458 2728 492 2791 id
511 2728 675 2811 denotent,
697 2727 968 2810 quemadmodum
986 2725 1083 2792 initio

72 2833 195 2896 dictum
214 2837 270 2897 est.
309 2855 420 2898 omnes
440 2837 550 2896 autem
568 2832 654 2895 idern
672 2832 740 2896 fere
759 2832 797 2896 de
821 2833 910 2896 dato
930 2831 1083 2896 uidentur

72 2939 225 3023 sensisse3
237 2938 528 3023 comprehensibile
539 2937 626 3002 enim
637 2937 758 3021 aliquid
769 2938 803 3002 id
813 2960 882 3003 esse
892 2943 1080 3026 posuerunt,

70 3048 109 3107 ut
127 3044 236 3127 ipsum
257 3044 401 3109 declarat
420 3045 503 3108 dati
524 3066 653 3128 nomen,
677 3048 774 3128 atque
792 3045 951 3129 imprimis
970 3045 1003 3131 ii,
1026 3044 1082 3129 qui

69 3149 152 3213 illud
166 3150 296 3214 datum
313 3172 357 3212 ex
370 3150 581 3233 hypothesi
596 3149 776 3216 definiendo
790 3156 986 3236 proponunt.
1015 3151 1083 3235 qui·

70 3360 163 3396 οιοντε
180 3341 211 3395 P.
283 3345 327 3403 13.
348 3339 580 3412 διαμαρτάνουσι]
600 3360 658 3397 -σιν
677 3362 702 3398 v.
775 3344 849 3398 Ante
867 3352 916 3398 τοῦ
936 3341 1000 3396 add.
1015 3341 1080 3398 Vat.

69 3410 135 3480 περί
153 3411 266 3481 punctis
286 3411 339 3465 del.
420 3415 461 3465 18.
482 3409 660 3484 ὁριζομένων]
681 3414 842 3484 ὁριζόμενον
856 3415 887 3484 Ρ,
906 3408 1084 3482 ὁριζομένους

68 3483 134 3540 Vat.
218 3487 259 3536 28.
279 3502 387 3537 κοινωνι
405 3481 469 3536 vat..
547 3483 734 3555 δννησώμεθοι
752 3502 779 3540 v.
