2356 3818
928 144 933 154 ·
1048 121 1116 203 sa

539 275 541 282 Ι
553 331 622 396 XX.

147 474 181 542 si
204 476 285 541 duae
308 462 548 562 magnitudines
573 476 666 541 datae
690 481 766 540 sunt
789 481 822 541 et
841 457 1028 544 auferantur
1047 480 1090 544 ab

72 583 118 648 iis
147 582 388 669 magnitudines
414 582 500 648 iuter
527 603 560 648 se
588 582 749 648 rationem
780 582 937 649 habentes
970 586 1091 672 datam,

28 710 30 715 ·
75 690 222 774 reliquae
248 689 334 755 inter
362 711 397 754 se
426 693 482 754 aut
508 689 670 757 rationem
691 688 859 755 habebunt
881 691 1004 775 datam,
1032 698 1089 758 aut

73 797 196 881 altera,
227 800 415 881 comparata
442 818 515 862 oum
542 797 660 880 altera,
691 797 768 861 data
790 797 895 861 maior
917 803 967 863 est
991 820 1090 881 quam

74 904 114 967 in
135 903 270 968 ratione.

86 1072 90 1079 .
146 1009 213 1075 sint
235 1009 317 1074 duae
338 1009 578 1096 magnitudines
602 1011 695 1075 datae
714 1015 789 1095 AB,
809 1014 878 1096 ΓΔ,
901 1016 934 1077 et
953 1013 993 1077 ab
1013 1016 1089 1097 AB,

81 1119 141 1180 ΓΔ
163 1115 351 1181 auferantur
373 1116 613 1202 magnitudines
636 1121 717 1202 ΑΕ,
736 1121 797 1182 ΓΖ
820 1118 981 1184 rationem
1002 1119 1090 1185 inter

249 1275 274 1325 E
385 1275 416 1325 Η
621 1245 655 1287 se
673 1223 830 1290 habentes
850 1225 968 1290 datam.
1005 1226 1089 1311 dieo,

75 1330 579 1402 A--1--¹‚--B
620 1330 860 1416 magnitudines
904 1336 987 1417 ΕΒ,
1024 1337 1091 1397 ΖΔ

77 1510 106 1560 P
120 1453 435 1558 *nZ--A
621 1435 707 1500 inter
725 1459 759 1500 se
782 1439 839 1501 sut
856 1438 1017 1503 rationem
1034 1439 1093 1503 ha

621 1542 696 1605 bere
720 1542 838 1627 datam,
863 1548 920 1608 aut
943 1545 1091 1631 alteram,

72 1653 299 1735 comparatam
335 1670 408 1713 oum
441 1648 556 1730 altera,
593 1647 669 1712 data
700 1648 856 1713 maiorem
888 1672 958 1715 esse
991 1672 1089 1734 quam

72 1756 269 1821 iuratione.
333 1812 335 1817 .
660 1828 668 1844 ·

54 1900 59 1910 ·
142 1885 219 1927 nam
238 1861 391 1945 quoniam
405 1862 481 1926 data
494 1865 545 1926 est
563 1865 699 1943 utraque
718 1861 908 1948 magnitudo
924 1868 957 1927 A
962 1867 1000 1947 B,
1015 1865 1088 1947 ΓΔ,

72 1970 139 2035 erit
162 1969 247 2033 ratio
271 1972 335 2032 AB
350 1992 357 2032 :
374 1971 433 2033 ΓΔ
456 1968 532 2032 data
555 1967 659 2052 [prop.
678 1967 718 2049 I].

144 2080 178 2140 et
210 2077 237 2140 si
269 2076 381 2140 eadem
413 2081 463 2139 est
495 2096 531 2139 ae
558 2073 643 2138 ratio
669 2079 762 2138 AE:
782 2076 857 2158 ΓΖ,
893 2075 956 2140 erit
988 2076 1088 2142 etiam

73 2181 161 2246 ratio
193 2181 336 2264 reliquae
368 2184 435 2245 ΕΒ
472 2181 513 2245 ad
543 2179 701 2263 reliquam
736 2184 801 2244 ΖΔ
820 2181 908 2246 data
945 2181 1002 2267 [V‚
1033 2184 1087 2268 193

72 2289 139 2354 def.
159 2288 204 2370 2].
626 2349 629 2355 ,
904 2336 913 2353 .

142 2397 210 2462 iam
235 2391 276 2460 ne
305 2394 348 2458 sit
375 2395 500 2478 eadem,
527 2397 560 2457 et
586 2393 644 2457 fiat
671 2395 1088 2486 EA:FZ=AH:PA.

72 2526 190 2568 uerum
217 2503 302 2566 ratio
325 2506 395 2566 ΑΕ
407 2524 413 2564 :
430 2503 491 2565 ΓΖ
518 2500 594 2564 data
621 2504 679 2564 est.
732 2500 843 2583 itaque
871 2499 971 2564 etiam
997 2500 1083 2564 ratio

75 2616 108 2675 A
115 2613 156 2674 H
166 2633 173 2673 ε
189 2613 249 2673 ΓΛ
276 2609 352 2672 data
379 2606 453 2688 [def.
473 2605 517 2690 2].
567 2605 624 2670 sed
651 2605 726 2669 data
750 2609 799 2669 est
823 2606 891 2668 ΓΛ.
938 2604 1013 2668 data
1036 2608 1087 2669 est

44 2752 52 2771 ·
71 2697 179 2803 igitur
202 2714 302 2779 etiam
324 2717 400 2777 AH
420 2716 522 2798 [prop.
540 2700 596 2793 IIJ.
636 2733 751 2776 uerum
773 2710 872 2775 etiam
895 2710 1087 2795 magnitudo

74 2827 142 2889 AB
176 2822 251 2887 data
283 2823 341 2885 est.
399 2818 524 2902 itaque<
542 2818 641 2882 etiam
672 2817 796 2901 reliqua
828 2820 896 2881 ΗΒ
929 2817 1005 2881 data
1037 2822 1091 2882 est

75 2933 183 3014 [prop.
201 2926 272 3011 NJ.
319 2930 352 2991 et
375 2923 537 3009 quoniam-
552 2929 584 2991 A
589 2927 639 2988 E:
655 2925 716 2987 ΓΖ
730 2953 772 2976 =
787 2926 864 2987 AH
873 2945 880 2986 :
896 2925 965 3008 ΓΔ,
988 2923 1089 2990 etiam

58 3036 161 3105 ‚ratio
184 3033 327 3117 reliquae
350 3035 422 3096 HE
447 3031 486 3095 ad
509 3029 667 3114 reliquam
690 3034 722 3092 A
729 3034 756 3093 Z
784 3029 860 3094 data
883 3034 933 3094 est
946 3029 1011 3116 -[V,
1031 3031 1087 3114 193

69 3140 135 3207 def.
156 3137 199 3227 2].
235 3161 349 3203 uerum
372 3138 448 3202 data
471 3141 520 3202 est
539 3135 728 3221 magnitudo
747 3139 835 3200 HR:
863 3157 940 3222 ergo
960 3137 1085 3222 magui-

28 3244 37 3255 *
69 3249 153 3314 tudo
178 3250 255 3329 ΕΒ,
278 3249 465 3330 comparata
488 3266 562 3308 eum
586 3246 659 3325 ZA,
688 3242 763 3306 data
786 3242 890 3307 maior
912 3247 962 3306 est
986 3263 1084 3325 quam

70 3355 109 3421 in
132 3351 260 3425 ratione
286 3350 359 3433 [def.
381 3350 448 3435 11].
