2356 3818
502 140 665 192 SOHOLIA.
1022 135 1086 200 303

52 324 54 328 ·
77 288 144 350 ΑΒ
167 294 213 372 τῷ
238 288 316 350 ΓΜ
334 283 423 349 ἐστιν
447 290 536 366 ἴσον,
561 285 597 347 τὸ
622 278 659 347 δέ
681 287 755 347 ΕΗ
773 291 818 369 τῷ
844 281 916 364 ΓΞ,
948 279 1086 346 καὶτοῦ

78 395 154 457 ΓΜ
176 393 240 477 ἄρα
267 393 349 477 πρὸς
373 391 438 464 ΓΞ
463 394 560 472 λόγος
588 387 656 453 ἐστὶ
684 389 811 464 δοθείς·
845 389 928 452 ὥστε
950 385 1005 452 καὶ
1028 398 1086 471 τῆς

81 501 136 563 ΓΛ
159 499 241 583 πρὸς
261 501 331 562 ΓΝ
350 500 448 579 λόγος
471 495 539 562 ἐστὶ
559 497 686 571 δοδείς·
709 505 767 578 τῆς
785 491 822 558 δέ
842 498 902 559 ΓΑ
924 495 1007 580 πρὸς
1027 498 1086 559 ΓΛ

76 608 174 687 λόγος
198 601 267 669 ἐστὶ
286 602 400 680 δοθεὶς
422 605 533 668 διὰτὸ
553 604 714 668 δεδόσθαι
732 603 769 666 τὸ
788 605 885 666 ΑΓΛ
907 604 1084 686 τρίγωνον·

74 709 130 776 καὶ
157 719 215 794 τῆς
242 714 313 775 ΑΓ
340 713 403 796 ἄρα
430 711 513 796 πρὸς
542 714 612 775 ΓΝ
640 712 737 791 λόγος
765 705 833 772 ἐστὶ
861 709 984 783 δοθείς.
1029 704 1084 771 καὶ
1122 720 1135 768 5

75 798 145 882 έπελ
169 823 243 881 ἴσον
267 816 334 882 ἐστὶ
357 818 394 881 τὸ
415 817 480 890 ΓΞ
499 827 544 904 τῷ
564 821 651 899 ΕΗ,
674 819 743 880 ἔστι
767 811 876 879 δὲκαὶ
897 815 1090 902 ἰσογώνιον,

74 927 166 988 ἔστιν
185 925 248 1009 ἄρα
272 924 316 1000 ὡς
334 924 354 1007 ἡ
374 927 435 988 ΓΒ
458 925 541 1009 πρὸς
561 927 638 1006 ΖΗ,
662 922 768 998 οὕτως
786 921 805 1003 ἡ
825 926 887 985 ΕΖ
910 921 993 1006 πρὸς
1013 924 1083 985 ΓΝ.

73 1033 142 1093 ἔστι
171 1025 207 1093 δέ
234 1027 289 1094 καὶ
317 1029 403 1112 ὡςὴ
429 1033 490 1094 ΓΒ
518 1031 601 1115 πρὸς
625 1033 706 1113 ΖΗ,
740 1029 845 1104 οὕτως
868 1026 887 1110 ἡ
911 1032 974 1092 ΕΖ
1001 1028 1084 1112 πρὸς

72 1136 116 1218 ἣν
135 1134 155 1217 ἡ
171 1139 241 1200 ΑΓ
254 1138 355 1218 λόγον
373 1139 438 1220 ἔχει
457 1135 647 1220 δεδομένον,
667 1133 816 1201 τουτέστι
834 1135 917 1220 πρὸς
933 1135 994 1217 τὴν
1008 1140 1040 1197 Α
1046 1136 1083 1216 Γ,

74 1243 130 1305 διδι
158 1242 195 1306 τὸ
223 1251 288 1307 νῦν
314 1255 447 1328 πρῶτον
475 1240 609 1327 δειχθέν
637 1252 696 1307 τοῦ
719 1240 783 1306 οδ’.
829 1243 918 1306 ἔστιν
945 1242 1009 1326 ἄρα
1039 1240 1083 1316 ὡς
1102 1253 1135 1302 10

71 1347 93 1430 ἡ
123 1350 183 1411 ΓΒ
215 1349 298 1434 πρὸς
328 1353 409 1432 ΖΗ,
442 1349 548 1426 οὕτως
574 1348 594 1431 ἡ
623 1353 686 1413 ΕΖ
718 1349 801 1433 πρὸς
829 1345 984 1433 ἑκατέραν
1016 1358 1083 1413 τῶν

70 1456 148 1537 ΑΓ,
168 1457 251 1518 ΓΝ·
276 1461 329 1538 ἴση
353 1458 417 1541 ἄρα
440 1456 460 1539 ἡ
484 1459 555 1520 ΑΓ
572 1465 611 1540 τῇ
636 1458 712 1519 ΓΝ.

409 1666 462 1731 Ad
484 1689 574 1752 prop.
598 1665 744 1731 LXXVI.

141 1791 213 1856 158.
248 1795 316 1875 Τῆς
339 1788 375 1856 δέ
394 1797 459 1857 ΑΒ
483 1816 512 1876 p.
533 1793 604 1876 148,
623 1793 657 1872 4]
687 1789 819 1855 δέδοται
843 1791 906 1875 γὰρ
925 1791 962 1854 τὸ
981 1793 1086 1853 ΑΒΓ

70 1898 237 1981 τρίγωνον
260 1907 305 1985 τῷ
329 1899 417 1963 εἰδει.
1100 1909 1134 1957 15

399 2076 458 2140 Ad.
482 2098 573 2161 prop.
596 2074 757 2141 LXXVH.

141 2201 214 2265 159.
245 2197 312 2264 Καὶ
335 2209 394 2265 τοῦ
419 2205 492 2265 ΒΗ
512 2203 575 2286 ἄρα
598 2223 628 2284 p.
651 2201 728 2284 148,
747 2201 803 2279 22]
833 2196 901 2264 ἐπεὶ
929 2199 991 2285 γὰρ
1021 2207 1080 2263 τοῦ

69 2308 176 2369 ΑΒΓ
199 2307 282 2388 πρὸς
304 2308 341 2371 τὸ
365 2312 466 2372 ΔΕΖ
494 2311 591 2390 λόγος
619 2304 688 2372 ἐστὶ
713 2308 842 2391 δοθείς,
874 2309 943 2371 ἔστι
966 2303 1003 2371 δὲ
1025 2304 1081 2370 καὶ

69 2421 130 2476 τοῦ
154 2416 259 2477 ΑΒΓ
285 2415 368 2499 πρὸς
395 2415 431 2479 τὸ
460 2419 535 2479 ΒΗ
561 2417 659 2496 λόγος
686 2414 813 2497 δοδείς,
846 2411 901 2478 καὶ
928 2421 988 2477 τοῦ
1011 2416 1084 2477 ΒΗ

69 2519 134 2604 ἄρα
157 2519 239 2604 πρὸς
262 2521 299 2584 τὸ
317 2525 419 2585 ΔΕΖ
442 2523 540 2604 λόγος
562 2520 631 2586 ἐστὶ
655 2522 776 2601 δοθείς.
813 2519 914 2584 πόλιν
932 2517 1001 2583 ένιεὶ
1019 2528 1079 2583 τοῦ
1098 2529 1132 2578 20

70 2627 144 2687 ΒΗ
172 2626 255 2710 πρὸς
282 2628 319 2691 τὸ
348 2631 448 2691 ΔΕΖ
482 2629 580 2708 λόγος
607 2622 675 2690 ἐστὶ
703 2627 831 2708 δοθείς,
864 2627 932 2689 έστι
961 2620 998 2688 δέ
1024 2622 1079 2689 καὶ

143 2856 200 2906 158.
216 2852 246 2907 P.
298 2858 356 2907 159.
372 2852 446 2920 Plv;
460 2851 551 2906 textui
560 2855 626 2922 post
639 2852 708 2920 πρὸς
716 2853 748 2906 τδ
760 2856 817 2905 ΒΗ
829 2849 927 2913 δοθελς
935 2869 962 2920 p.
974 2857 1033 2920 148,
1045 2857 1078 2905 18

69 2921 240 3065 ἱγῐέιδξοῖἵεοέτέ
262 2923 301 2992 (in
319 2942 374 2993 mg.
396 2920 474 2991 οἶμαι
496 2932 577 2978 τοῦτο
601 2923 710 2994 σχόλιον
731 2919 815 2978 εἶναι·
846 2924 885 2985 εἰς
902 2923 933 2976 τδ
952 2920 1078 2991 μέτωπον

67 3125 281 3133 ——-—-—

141 3212 165 3260 4.
186 3208 320 3262 διδόοδαι
338 3208 405 3262 Plv.
480 3209 510 3263 τό
525 3209 606 3280 (αΙδ.)]
627 3227 679 3263 om.
699 3208 917 3276 PlVat.M0n.p.
991 3212 1014 3262 6.
1033 3206 1076 3279 τό]

67 3286 116 3348 τῆς
135 3278 210 3334 Mon.
294 3287 317 3334 7.
337 3280 384 3351 ὡς]
403 3277 452 3334 καί
471 3301 494 3348 ρ.
581 3283 642 3333 ΓΝ
659 3312 692 3322 -
712 3287 735 3334 8.
754 3281 824 3349 πρός
838 3280 925 3404 (alma
944 3295 997 3333 om.
1017 3277 1076 3346 Ιςλ.

106 3354 129 3404 7.
152 3352 213 3402 ΓΝ
247 3355 312 3404 ΓΜ
325 3369 350 3405 v.
434 3357 456 3405 9.
477 3351 676 3422 ΑΓ]ΑΓ1λ.
756 3350 890 3422 τουτέστι]
924 3367 983 3404 στιν
1002 3350 1076 3404 Mon.

67 3420 171 3475 lacuna
190 3437 220 3474 re
232 3420 297 3476 icta.
370 3421 433 3494 τήν]
453 3439 521 3476 corr.
542 3438 575 3475 ex
594 3421 629 3492 ἣν
649 3444 672 3490 ρ.
745 3425 819 3477 Ante
837 3422 972 3476 APhab.
991 3421 1008 3490 ἡ
1024 3424 1082 3475 ΛΓ

69 3491 122 3546 del.
142 3511 177 3547 m.
199 3497 213 3545 1
234 3513 257 3560 ρ.
331 3498 371 3547 10.
392 3491 548 3564 ὡς]ιιαίρ.
623 3500 663 3548 11.
685 3493 974 3566 zflpflomfflon.
