2356 3818
125 120 168 184 18
529 121 734 172 οωΔοωωω.

124 266 164 328 τὸ
186 270 218 328 A
225 267 258 328 Γ
275 272 336 327 τοῦ
359 263 543 328 αὐτοῦτοῦ
567 267 628 328 ΓΒ
653 261 790 328 δοθέντι
813 264 923 347 μεῖζόν
946 261 1038 328 έστιν
1062 262 1085 347 ἢ
1109 263 1147 329 ἐν

124 373 223 456 λόγω.
619 428 623 435 .

196 474 265 541 έττεὶ
288 477 352 560 γὰρ
380 477 418 541 τὸ
441 480 507 541 ΑΒ
535 485 596 540 τοῦ
619 479 688 540 ΒΓ
710 474 847 540 δοθέντι
874 477 986 558 μεῖζόν
1009 474 1148 559 ἐστιν]

132 582 169 647 έν
192 585 290 670 λόγῳ,
314 581 502 668 ἀφῃρήσθω
521 584 559 648 τὸ
578 578 683 646 δοθέν
701 581 842 665 μέγεθος
860 582 897 646 τὸ
916 586 1000 645 ΑΛ·
1024 586 1147 648 λοιποῦ

91 669 192 775 δᾶροι
214 697 274 753 τοῦ
292 692 359 754 ΔΒ
383 689 466 774 πρὸς
489 689 526 752 τὸ
546 690 614 751 ΒΓ
632 689 730 770 λόγος
749 686 817 752 ἐστὶ
836 689 964 762 δοθείς·
987 685 1045 752 καὶ
1065 706 1146 755 συν-

126 790 224 860 θέντι
252 804 312 860 τοῦ
335 798 407 859 ΔΓ
428 795 512 880 πρὸς
538 795 576 858 τὸ
603 797 673 858 ΒΓ
696 796 794 875 λόγος
822 791 892 858 έστὶ
919 793 1043 871 δοθείς.
1092 797 1150 859 καί

125 899 196 966 έστι
219 897 324 966 δοθέν
347 902 384 964 τὸ
407 904 491 964 ΛΔ·
514 901 552 964 τὸ
577 902 637 963 ΓΑ
661 901 725 984 ἄρα
748 907 808 963 τοῦ
828 902 889 979 ΓΒ
913 897 1052 963 δοθέντι
1077 910 1146 984 μεθ

127 1009 183 1084 ζόν
206 1006 297 1071 ἐστιν
319 1005 340 1088 ἢ
364 1004 401 1070 έν
423 1008 522 1093 λόγω.

194 1113 297 1177 πόλιν
320 1112 361 1194 δὴ
385 1113 423 1176 τὸ
446 1114 517 1176 ΑΓ
539 1119 599 1175 τοῦ
623 1114 684 1175 ΓΒ
714 1109 849 1175 δοθέντι
878 1113 988 1194 μεῖζον
1016 1114 1104 1177 ἔστω
1126 1110 1147 1195 ἢ

73 1233 108 1282 10
128 1217 164 1282 έν
188 1220 289 1304 λόγῳ·
318 1216 417 1300 λέγω,
447 1217 498 1282 ότι
520 1219 557 1281 τὸ
582 1217 700 1281 λοιπὸν
722 1217 759 1280 τὸ
783 1221 849 1282 ΑΒ
872 1225 932 1281 τοῦ
955 1215 1062 1281 αὐτοῦ
1088 1226 1147 1283 τοῦ

129 1326 197 1388 ΒΓ
221 1324 293 1405 ἤτοι
321 1322 457 1387 δοθέντι
485 1325 595 1406 μεῖζον
619 1325 709 1387 ἔσται
737 1321 757 1405 ἢ
781 1320 817 1386 έν
840 1324 942 1409 λόγῳ,
970 1321 991 1404 ό]
1015 1323 1054 1388 τὸ
1080 1326 1147 1389 ΑΒ

126 1431 207 1512 μετὰ
235 1437 295 1493 τοῦ
323 1426 410 1512 ἑξῆς,
442 1430 526 1516 πρὸς
553 1428 571 1493 ὃ
599 1429 636 1493 τὸ
664 1431 733 1493 ΒΓ
760 1430 862 1511 λόγον
894 1431 960 1512 έχει
988 1428 1149 1513 δοθέντα,

125 1533 230 1600 δοθέν
254 1534 353 1600 έστιν.

195 1640 264 1707 ἐπεὶ
293 1644 357 1727 γὰρ
386 1644 423 1707 τὸ
447 1648 480 1705 Α
487 1644 519 1705 Γ
541 1650 601 1706 τοῦ
626 1644 686 1705 ΓΒ
715 1639 853 1705 δοθέντι
876 1643 985 1725 μεῖζόν
1010 1640 1148 1725 ἐστιν]

74 1762 108 1810 15
128 1748 165 1814 έν
188 1751 291 1836 λόγῳ,
315 1748 503 1834 ἀφῃρήσθω
527 1748 564 1812 τὸ
588 1743 693 1812 δοθὲν
716 1744 865 1830 μέγεθος.
912 1747 949 1810 τὸ
973 1746 1015 1830 δι]
1041 1744 1149 1813 δοθὲν

128 1857 202 1938 ἤτοι
227 1857 367 1920 έλοισσόν
390 1852 459 1919 ἐστι
484 1862 544 1917 τοῦ
566 1857 632 1916 ΑΒ
661 1851 823 1936 ἢμεῖζον.
869 1855 951 1917 ἔστω
979 1855 1149 1940 πρότερον

126 1964 278 2043 έλοισσον,
300 1958 356 2024 καὶ
379 1962 461 2024 ἔστω
485 1960 522 2022 τὸ
546 1964 629 2022 ΑΛ·
658 1962 776 2023 λοιποῦ
800 1959 864 2043 όροι
888 1967 947 2022 τοῦ
970 1964 1003 2021 Δ
1010 1962 1045 2022 Γ
1061 1960 1149 2045 πρὸς

126 2069 189 2130 ΓΒ
213 2067 311 2148 λόγος
330 2063 399 2129 ἐστὶ
418 2065 544 2139 δοθείς·
568 2064 714 2128 διελόντι
732 2064 796 2148 ἄρα
814 2072 875 2128 τοῦ
888 2068 955 2127 ΔΒ
978 2065 1064 2148 πρὸς
1080 2066 1150 2131 ΒΓ

128 2173 226 2253 λόγος
253 2168 322 2235 ἐστὶ
350 2172 473 2245 δοθείς.
519 2172 578 2232 καί
603 2166 672 2233 ἐστι
699 2166 803 2234 δοθὲν
830 2171 868 2234 τὸ
895 2174 977 2233 ΑΔ·
1009 2170 1049 2235 τὸ
1078 2174 1148 2235 ΑΒ

74 2292 110 2340 20
130 2278 200 2364 όροι
218 2284 278 2341 τοῦ
302 2278 369 2340 ΒΓ
387 2273 525 2340 δοθέντι
547 2277 658 2358 μεῖζόν
681 2273 770 2340 έστιν
794 2274 814 2357 ἢ
838 2274 874 2340 έν
897 2278 994 2362 λόγω.

198 2382 281 2447 ιἰλλδι
300 2383 342 2465 δὴ
361 2383 398 2446 τὸ
418 2377 523 2445 δοθέν
541 2385 651 2464 μεῖζον
670 2384 752 2446 έστω
771 2389 832 2445 τοῦ
851 2387 883 2446 Α
888 2385 928 2465 Β,
945 2379 1001 2446 καὶ
1019 2384 1147 2447 κείσθω

130 2489 220 2576 αὐτῷ
249 2494 324 2553 ἴσον
351 2489 389 2552 τὸ
412 2491 495 2551 ΑΕ·
528 2489 626 2570 λόγος
654 2489 717 2573 ἄρα
745 2472 864 2551 λοιποδ
887 2495 947 2552 τοῦ
970 2490 1040 2551 ΕΓ
1062 2490 1147 2572 πρὸς

127 2596 166 2660 τὸ
193 2598 254 2660 ΓΒ
279 2594 348 2659 ἐστι
372 2594 498 2670 δοθείς·
522 2594 606 2658 ὥστε
628 2591 684 2657 καὶ
706 2592 872 2658 ἀνάπαλιν
894 2601 954 2658 τοῦ
977 2596 1047 2658 ΒΓ
1064 2595 1148 2680 πρὸς

127 2703 165 2766 τὸ
184 2704 252 2766 ΕΓ
270 2702 368 2782 λόγος
387 2697 456 2764 ἐστὶ
480 2701 606 2776 δοθείς·
630 2696 685 2764 κοιλ
705 2697 949 2783 ἀναστρέψαντι
967 2699 985 2765 ὁ
1004 2707 1067 2764 τοῦ
1079 2700 1149 2765 ΒΓ

73 2820 109 2869 25
126 2808 210 2892 πρὸς
237 2809 304 2870 ΒΕ
329 2798 427 2887 λόγος
455 2803 524 2870 ἐστὶ
552 2806 676 2881 δοθείς.
726 2809 785 2869 καί
810 2805 878 2870 έστι
906 2806 943 2869 τὸ
970 2808 1035 2869 ΕΒ
1064 2806 1145 2890 μετὰ

152 2967 224 3015 ·5.
244 2960 312 3032 ἄρα]
332 2977 385 3015 om.
405 2978 430 3015 a.
513 2959 678 3016 σνντεθέντι
696 2977 720 3014 a.
804 2968 827 3015 6.
852 2965 902 3014 ΓΔ
920 2978 945 3014 a.
1030 2966 1054 3015 7.
1076 2960 1144 3033 ἐστι]

128 3032 196 3088 ἔστω
216 3049 242 3087 a.
305 3033 336 3087 τὸ
356 3029 446 3087 δοθέν
464 3031 496 3086 τό
515 3031 639 3087 PVat.v.
702 3031 735 3085 τό
745 3031 827 3103 (alt.)]
847 3048 915 3086 corr.
931 3047 965 3086 ex
978 3035 1016 3103 τῷ
1032 3049 1071 3087 m.
1086 3038 1103 3087 2
1117 3048 1144 3085 v.

165 3104 228 3175 ΓΒ]
253 3107 303 3157 ΓΔ
320 3103 385 3157 Vat.
473 3108 514 3157 11.
543 3103 630 3173 ἔσται]
654 3101 728 3157 ἐστιν
747 3119 772 3156 a.
857 3104 920 3174 AB]
944 3103 1052 3157 Badd.
1071 3106 1142 3159 m.2

126 3174 193 3229 Vat.
267 3179 309 3229 12.
328 3173 398 3244 μετὰ
415 3182 465 3228 τοῦ
485 3173 558 3244 ἑξῆς]
578 3170 645 3242 μεθ’
663 3168 696 3227 οὗ
716 3189 740 3227 a.
815 3178 856 3228 13.
879 3173 965 3244 ἐστιν]
985 3172 1053 3229 add.
1072 3178 1143 3230 m.2

126 3245 192 3300 Vat.
270 3251 312 3300 14.
333 3247 396 3317 ΓΒ]
416 3249 473 3299 ΒΓ
487 3261 511 3298 ιι.
591 3251 632 3299 16.
654 3243 766 3299 ἔλαττόν
785 3247 864 3314 (eorr.
884 3261 918 3298 ex
938 3243 1000 3300 ἴσον
1018 3262 1057 3300 m.
1073 3249 1101 3317 Β)
1117 3260 1145 3299 v.

163 3321 205 3370 18.
224 3317 256 3372 τὸ
277 3320 327 3370 ΓΒ
346 3332 372 3370 a.
450 3314 623 3369 διελόντι-
643 3320 685 3369 19.
705 3313 815 3386 δοθελς]
834 3315 892 3369 add
908 3333 945 3369 m.
961 3320 977 3368 8
996 3333 1022 3370 v.
1103 3320 1142 3370 18.

122 3387 295 3457 διελόντι-
313 3387 381 3457 ΒΓ]
400 3386 517 3441 καὶτοῦ
531 3391 584 3440 ΔΒ
604 3384 659 3454 ἄρα
678 3386 748 3453 πρὸς
761 3387 792 3441 τὸ
808 3391 864 3440 ΒΓ
878 3402 903 3440 a.
962 3391 1004 3440 19.
1024 3385 1101 3444 ἐστιν
1115 3404 1146 3453 v;

126 3456 198 3513 item
215 3458 265 3513 lin.
285 3462 391 3525 τινι,
411 3462 453 3511 25.
541 3462 583 3511 21.
602 3459 664 3528 AB]
683 3462 742 3511 ΛΓ
759 3474 784 3510 v.
875 3462 917 3511 τι.
937 3457 1147 3530 amma„
