2356 3818
128 111 174 175 32
518 115 723 168 AEAOMENA.

125 259 189 320 καί
209 255 279 321 ἐστι
302 252 406 321 δοθὲν
428 259 465 321 τὸ
488 260 571 321 ΗΖ·
599 258 637 321 τὸ
663 261 724 321 ΖΒ
747 259 810 343 ἄρα
832 267 892 323 τοῦ
915 262 987 323 ΕΔ
1013 256 1152 325 δοθέντι

126 363 241 445 ,μεῖζόν
260 360 349 426 ἐστιν
367 360 387 445 ἣ
406 360 443 426 ἐν
461 365 558 450 λόγῳ.

611 486 661 565 ιζ’.

197 606 273 672 Ἐδιν
295 602 316 693 ᾗ
338 612 414 696 τρία
437 608 576 693 μεγέθη,
609 607 664 674 καὶ
687 612 724 675 τὸ
747 621 881 695 πρῶτον
903 619 965 675 τοῦ
989 610 1174 699 δευτέρον·

91 731 112 780 5
133 713 270 779 δοθέντι
292 718 402 798 μεῖζον
424 710 445 802 ᾖ
469 714 489 799 ἣ
513 715 551 787 ἐν
573 719 676 803 λόγῳ,
708 710 727 801 ᾗ
751 712 788 780 δὲ
810 714 866 780 ιιοιὶ
887 717 925 780 τὸ
949 720 1075 803 τρίτον
1096 724 1152 783 τοῦ

130 820 235 885 αὐτοῦ
259 819 396 886 δοθέντι
417 824 528 905 μεῖζον
550 819 571 904 ἣ
595 820 632 886 ἐν
655 824 758 910 λόγῳ,
786 823 823 887 τὸ
846 832 982 906 πρῶτον
1005 826 1098 911 πρὸς
1119 826 1152 889 τό

130 930 244 1012 τρίτον
270 929 344 1010 ἤτοι
372 929 473 1008 λόγον
499 924 564 1004 έξει
592 925 786 1012 δεδομένον,
819 925 839 1011 ἣ
871 926 908 991 τὸ
940 925 1065 1014 ἕτερον
1095 936 1151 995 τοῦ

131 1030 245 1117 ἑτέρου
269 1029 407 1095 δοθέντι
429 1034 539 1115 μεῖζον
562 1035 653 1097 ἔσται
676 1031 696 1116 ἢ
720 1031 756 1097 έν
780 1035 877 1120 λόγῳ.
951 1054 954 1059 ·

199 1139 281 1201 ἔστω
313 1140 389 1221 τρίοι
415 1136 537 1222 μεγέθη
564 1140 605 1202 τὰ
629 1142 709 1221 AB,
734 1142 772 1223 Γ,
794 1143 876 1223 ΛΕ,
907 1137 964 1204 καὶ
993 1137 1150 1229 ἑκάτερον

74 1261 113 1309 10
131 1254 199 1307 τῶν
221 1246 299 1326 ΑΒ,
317 1248 386 1307 ΔΕ
406 1252 466 1308 τοῦ
491 1247 523 1308 Γ
541 1242 678 1309 δοθέντι
700 1247 810 1329 μεῖζον
833 1247 915 1310 ἔστω
939 1243 960 1329 ἦ
985 1244 1026 1310 έν
1052 1250 1149 1336 λόγῳ·

76 1346 278 1432 ·λέγω,
267 1349 317 1414 ότι
340 1350 381 1413 τὰ
403 1352 484 1433 ΑΒ,
502 1354 571 1413 ΛΕ
596 1351 669 1433 ἤτοι
695 1352 780 1435 ιτρὸς
806 1352 941 1433 ἄλληλα
955 1352 1066 1435 λόγον
1089 1358 1149 1439 ἔχει

133 1453 354 1538 δεδομένον
335 1479 355 1539 η
375 1456 411 1520 τὸ
430 1453 543 1571 ἕτερον
562 1464 621 1520 τοῦ
641 1454 754 1541 ἑτέρου
774 1455 910 1521 δοθέντι
928 1460 1046 1540 μεῖζόν
1066 1459 1151 1527 ἐστιν

131 1559 214 1643 ἢέν
194 1563 334 1649 νλόγςο.

200 1666 269 1733 εἰτεὶ
292 1670 354 1753 γὰρ
378 1671 415 1733 τὸ
434 1673 503 1734 ΔΕ
522 1678 583 1733 τοῦ
607 1672 640 1734 Γ
658 1667 796 1734 δοθέντι
818 1672 929 1754 μεῖζόν
952 1669 1050 1736 ἐστιν
1074 1670 1150 1757 ἢέν

75 1790 113 1837 15
134 1777 259 1862 λόγμ,,
269 1773 456 1861 ἀφῃρήσθω
485 1777 522 1840 τὸ
551 1774 655 1840 δοθὲν
682 1773 824 1860 μέγεθος
846 1777 883 1840 τὸ
907 1779 996 1841 ΔΗ
1031 1783 1150 1845 λοιποῦ

132 1882 197 1967 ἅμα
224 1891 284 1946 τοῦ
307 1885 379 1946 ΗΕ
403 1883 486 1967 πρὸς
513 1884 550 1946 τὸ
575 1885 607 1946 Γ
630 1885 729 1964 λόγος
756 1881 826 1947 ἐστὶ
855 1883 979 1959 δοθείς.
1026 1884 1091 1949 διὰ
1114 1882 1176 1950 τδ-

131 1986 217 2050 οιύτὰ
245 1987 286 2071 δὴ
313 1985 368 2052 καὶ
396 1995 456 2051 τοῦ
480 1990 541 2051 ΖΒ
569 1989 652 2072 πρὸς
678 1990 715 2052 τὸ
741 1992 773 2052 Γ
795 1991 894 2071 λόγος
921 1986 992 2054 ἐστὶ
1020 1991 1150 2069 δοθείς·

132 2088 188 2154 καὶ
210 2100 270 2156 τοῦ
291 2094 396 2156 ΖΒ”
375 2117 439 2178 apa
462 2093 597 2177 πρὸς
567 2116 604 2157 το
623 2097 695 2159 ΗΕ
716 2097 814 2176 λόγος
838 2092 907 2160 ἐστὶ
931 2096 1059 2173 δοθείς.
1098 2094 1148 2163 ινδ

133 2200 325 2281 πρόσκειται
352 2197 466 2274 αὐτοῖς
493 2196 654 2282 δεδομένα
680 2199 805 2284 μεγέθη
828 2202 868 2265 τὰ
892 2205 968 2284 ΑΖ,
988 2206 1082 2267 ΔΗ·
1113 2201 1149 2268 τδ

72 2317 114 2366 20
135 2305 195 2369 ὅλοι
223 2306 288 2389 ἄρα
315 2305 355 2367 τὰ
378 2308 459 2387 ΑΒ,
476 2309 547 2368 ΔΕ
576 2307 660 2390 πρὸς
687 2307 812 2389 ἄλληλα
843 2308 917 2390 ἤτοι
950 2309 1055 2390 λόγον
1088 2311 1148 2393 ἔχει

134 2408 325 2494 δεδομένον,
343 2408 363 2493 ἣ
383 2410 418 2474 τὸ
433 2408 546 2494 ἕτερον
563 2419 625 2475 τοῦ
639 2408 753 2497 ἑτέρον
773 2410 909 2476 δοθέντι
927 2414 1041 2496 μεῖζόν
1061 2413 1147 2479 ἐστιν

133 2513 153 2599 ἣ
179 2515 215 2580 ἐν
238 2518 335 2603 λόγῳ.

614 2629 669 2688 ιη.

198 2725 274 2792 Ἐὰν
306 2722 327 2814 ᾖ
355 2731 429 2810 τρία
457 2727 596 2812 μεγέθη,
628 2729 665 2793 ἓν
693 2726 730 2802 δὲ
759 2728 870 2794 αὐτῶν
897 2726 1056 2827 ἑκατέρου
1085 2740 1147 2797 τῶν

73 2846 114 2896 25
135 2838 260 2898 λοιπῶν
287 2833 423 2899 δοθέντι
446 2837 555 2919 μεῖζον
587 2829 608 2920 ᾖ
636 2833 656 2918 ἣ
686 2833 722 2899 ε’ν
749 2838 852 2923 λόγῳ,
882 2837 923 2899 τὰ
954 2838 1055 2905 λοιπὰ
1089 2836 1146 2903 δύο

206 3018 280 3098 λῇ]
301 3042 354 3080 om.
369 3027 521 3097 6(nona).
595 3023 767 3098 5.δοθε’ντι]
788 3041 872 3095 supra
887 3042 938 3082 scr.
953 3043 989 3082 m
1006 3029 1064 3100 16.
1124 3030 1147 3081 ’1.

134 3095 151 3149 έ
147 3097 235 3166 γ.ειβ
309 3103 350 3151 11.
346 3096 438 3187 ἔχει]
458 3114 526 3152 corr
542 3095 643 3166 εκέγη
661 3115 697 3151 m.
713 3103 769 3152 2v.
842 3103 883 3151 12
903 3094 1034 3170 δοθέντι]
1054 3114 1146 3155 ομιτ.

172 3172 213 3221 14.
239 3166 299 3221 ἐπεὶ
322 3167 375 3238 γὰρ
398 3169 429 3222 τὸ
448 3168 541 3299 AB}9
549 3151 708 3238 ἀφῃρήσθω
730 3168 761 3222 τὸ
786 3164 875 3221 δοθὲν
895 3165 1017 3239 μέγεθος
1034 3170 1067 3225 τὸ
1087 3172 1146 3224 AZ

128 3240 235 3292 ,λοιποῦ
255 3237 311 3306 ἄρα
328 3247 377 3294 τοῦ
399 3242 448 3291 ΖΒ
471 3256 541 3304 νιος
558 3237 589 3291 τὸ
610 3241 636 3291 Γ
655 3238 736 3307 λόγος
759 3238 815 3292 ἐστὶ
838 3189 945 3301 δοθείς.
973 3228 1071 3297 πάλιν
1091 3238 1147 3295 ἐπεὶ

132 3308 166 3362 τὸ
188 3311 287 3365 ΕΔο.
361 3314 403 3362 16.
423 3306 524 3361 διά·
545 3313 586 3362 17
605 3329 642 3363 ua
624 3305 666 3380 αἱ]
686 3326 739 3364 om.
759 3326 784 3363 a
843 3314 884 3363 16.
903 3309 939 3364 τὰ
957 3310 1044 3384 αὐτά]
1064 3319 1148 3367 ταῦτα

133 3378 200 3434 vat.
276 3385 317 3435 17.
339 3379 487 3450 ΖΒ]Γε.
562 3380 600 3451 Γ]
622 3382 714 3436 ZBa
788 3385 829 3434 18.
850 3379 1034 3450 600c..]0ma
1104 3384 1148 3438 δο-

127 3446 210 3521 θείς]
230 3467 284 3505 om.
304 3467 328 3504 a.
402 3455 444 3504 20.
463 3447 510 3520 τό]
530 3466 582 3504 om.
603 3467 627 3505 a.
701 3456 743 3505 25.
762 3443 792 3522 ᾖ]
812 3467 866 3505 om.
886 3452 911 3522 6.
