2356 3818
488 139 651 192 SOHOLIA.
1009 139 1076 204 279

57 283 190 365 δοθείς,
216 280 272 346 καὶ
294 281 396 347 πόλιν
418 291 479 346 τοῦ
502 287 571 347 ΑΕ
595 283 679 368 πρὸς
701 281 808 348 πόντοι
835 285 894 348 καί
919 282 987 348 ἐστι
1015 293 1076 349 τοῦ

58 392 124 453 ΕΒ
147 389 231 475 πρὸς
252 388 369 453 πάντα.

130 514 180 578 76.
211 511 298 577 Ἐπεὶ
322 510 386 580 οὖν
407 515 560 598 συνήχθη
584 513 602 578 δ
625 521 685 577 τοῦ
709 517 769 578 ΓΖ
792 515 875 600 πρὸς
895 519 957 578 ΖΛ
979 519 1077 598 λόγος

57 620 186 703 δοθείς,
209 629 312 684 κεῖται
336 616 373 684 δὲ
395 617 451 684 κοιλ
473 629 533 685 τοῦ
552 624 617 684 ΕΒ
638 621 722 706 πρὸς
741 624 809 684 ΖΛ
831 624 928 703 λόγος
951 622 1076 705 δοθείς,

58 721 116 790 καὶ
135 733 195 789 τοῦ
215 728 276 789 ΓΖ
296 727 360 812 ἄρα
377 727 460 812 πρὸς
478 730 542 791 ΕΒ
564 729 662 809 λόγος
681 724 749 790 ἐστὶ
768 724 883 802 δοθεὶς
901 728 958 791 διδι
976 729 1013 792 εδ
1032 726 1075 810 ιγ’.
1113 736 1129 784 5

58 831 163 896 πάλιν
186 829 255 896 ἐπεὶ
278 831 296 896 ὁ
319 841 379 896 τοῦ
398 836 468 896 ΑΕ
487 833 571 918 πρὸς
589 836 652 896 ΕΒ
676 835 775 915 λόγος
797 831 865 897 ε’σιλ
884 834 1009 916 δοθείς,
1032 834 1077 910 ὡς

58 935 206 1021 ἐδείχθη,
228 949 332 1002 κεῖται
356 934 393 1002 δὲ
416 936 471 1002 κοιλ
499 938 517 1003 ό
540 946 600 1002 τοῦ
621 943 686 1003 ΕΒ
708 939 792 1024 πρὸς
816 943 877 1002 ΖΛ
900 942 998 1021 λόγος
1021 940 1077 1004 δο-

58 1046 149 1126 θείς,
172 1042 227 1108 καὶ
251 1043 268 1109 ὁ
292 1053 352 1108 τοῦ
375 1048 445 1108 ΑΕ
466 1046 530 1130 ἄρα
553 1045 637 1129 πρὸς
660 1048 727 1109 ΖΛ
749 1048 847 1128 λόγος
870 1043 939 1110 ἐστὶ
962 1044 1078 1121 δοθεὶς

58 1149 117 1212 διδι
139 1150 177 1214 τδ
200 1148 243 1232 η’.
289 1149 344 1214 καὶ
368 1149 437 1215 ἐπεὶ
461 1152 501 1215 τὰ
524 1155 606 1234 ΑΕ,
625 1154 688 1215 ΕΒ
716 1152 800 1237 πρὸς
827 1153 952 1234 ἄλληλα
975 1154 1077 1234 λόγον

58 1257 126 1338 ἔχει
155 1255 349 1340 δεδομένον,
381 1255 436 1321 κοιλ
468 1257 505 1321 τὸ
534 1257 615 1322 όλον
646 1259 683 1322 τὸ
712 1263 778 1321 ΑΒ
809 1260 893 1344 πρὸς
923 1257 1077 1346 ἑκάτερον
1096 1269 1130 1317 10

58 1371 129 1425 τῶν
150 1367 227 1446 ΛΕ,
246 1367 310 1427 ΕΒ
335 1366 436 1445 λόγον
459 1365 524 1447 ἔχει
543 1362 723 1446 δεδομένον
743 1365 854 1430 διὰτὸ
874 1363 915 1433 ς’.
956 1366 1077 1449 ὁμοίως

58 1465 97 1531 δὲ
120 1466 175 1532 κοιλ
198 1471 235 1534 τὸ
256 1472 317 1534 ΓΔ
339 1471 422 1555 πρὸς
445 1467 600 1556 ἑκάτερον
622 1480 690 1535 τῶν
709 1473 780 1554 ΓΖ,
801 1475 865 1535 ΖΔ
887 1475 989 1554 λόγου
1011 1475 1076 1557 ἔχει

58 1572 250 1657 δεδομένον.
295 1573 352 1640 κοιλ
380 1573 449 1640 ἐπεὶ
476 1577 513 1640 τὸ
537 1579 602 1639 ΑΒ
630 1578 714 1662 πρὸς
736 1578 773 1641 τὸ
798 1580 859 1641 ΓΔ
886 1580 987 1660 λόγου
1010 1581 1076 1662 ἔχει

57 1677 254 1764 δεδομένον,
292 1683 357 1765 ἔχει
390 1679 427 1746 δὲ
458 1680 514 1746 κοιλ
544 1684 581 1747 τὸ
611 1686 672 1748 ΓΔ
707 1683 791 1768 πρὸς
822 1681 977 1769 ἑκάτερον
1008 1695 1076 1748 τῶν

60 1789 133 1869 ΓΖ,
153 1790 215 1850 ΖΔ
238 1789 339 1870 λόγον
363 1787 558 1872 δεδομένον,
581 1786 636 1852 καὶ
660 1790 696 1853 τὸ
720 1793 786 1852 ΑΒ
810 1790 874 1875 ἄρα
896 1791 980 1874 πρὸς
1003 1787 1075 1854 ἐνολ-
1095 1799 1128 1848 15

58 1913 157 1978 τερον
184 1902 252 1958 τῶν
276 1896 351 1977 ΓΖ,
376 1898 442 1957 ΖΔ
470 1897 571 1977 λόγου
594 1897 658 1979 ἔχει
682 1893 863 1978 δεδομένον
891 1896 946 1960 διδι
969 1897 1006 1960 τὸ
1029 1895 1074 1978 η’.

58 1996 182 2080 ὁμοίως
209 1994 246 2062 δὲ
273 1997 328 2063 καὶ
355 2001 392 2064 τὸ
422 2003 484 2064 ΓΔ
515 2001 598 2082 πρὸς
629 1998 784 2087 ἑκάτερον
810 2010 879 2065 τῶν
906 2006 987 2084 ΑΕ,
1010 2005 1074 2065 ΕΒ

58 2107 162 2186 λόγον
180 2105 249 2189 ’ἔχει
273 2103 466 2188 δεδομένον·
491 2107 574 2171 ὥστε
597 2106 704 2170 μέντοι
727 2107 811 2192 πρὸς
828 2106 936 2172 πάντα
955 2109 1075 2190 λόγους

57 2212 125 2294 έχει
149 2209 358 2293 δεδομένους.

414 2368 467 2434 Ad
488 2393 579 2455 prop.
604 2370 721 2436 XXIV.
1092 2382 1128 2431 ιο

129 2494 180 2557 77.
212 2495 379 2578 Εἰλήφθω
402 2505 470 2558 τῶν
493 2502 537 2578 Δ,
558 2499 585 2558 Ζ
608 2518 637 2578 p.
657 2497 715 2580 44,
735 2495 792 2579 20]
821 2496 883 2560 δύο
907 2496 1074 2560 δοθεισῶν

59 2598 204 2663 εὐθειῶν
227 2598 330 2683 μέσην
353 2596 520 2683 σἰνόλογον
541 2611 749 2686 προσευρεῖν.

133 2723 184 2788 78.
225 2720 342 2788 Δοθὲν
375 2720 412 2788 δέ
448 2725 485 2789 τὸ
521 2723 587 2788 ὑπὸ
625 2733 693 2787 τῶν
725 2728 773 2806 Δ,
802 2727 830 2786 Ζ
865 2745 895 2806 p.
923 2723 982 2805 44,
1015 2722 1072 2806 22]

58 2825 128 2892 ἐπεὶ
160 2828 224 2914 γδρ
258 2827 426 2912 έμόθομεν
458 2828 495 2893 ε’ν
526 2840 596 2905 τοῖς
628 2829 733 2914 ὅροις,
770 2828 821 2893 ότι
853 2827 1074 2913 εὐθύγραμμοι

56 3009 555 3143 Ambw.lPlVaMMonssAmbr.(24.
635 3025 676 3074 77.
695 3019 725 3074 P.
799 3024 841 3074 78.
860 3019 1072 3074 PlVat.vM0n.

133 3106 147 3141 Ῑ
162 3110 177 3157 <³

132 3271 156 3320 1.
177 3264 245 3338 ἐστι]
264 3265 329 3320 fort.
350 3265 397 3321 ἔτι.
454 3272 477 3322 6.
499 3267 525 3340 δ]
546 3284 598 3323 om.
613 3267 688 3322 Mon.
695 3268 789 3322 Ambr
835 3267 937 3390 ὡςᾸΙρι,
914 3265 1073 3334 ρεοελιιλὶλ

57 3336 110 3392 lac.
130 3336 236 3406 bomby
238 3353 261 3390 c
275 3336 359 3407 Μοο,
380 3354 433 3392 om.
453 3269 525 3393 ουλε]
575 3337 631 3392 m
618 3336 746 3409 έχιΠδείθ
767 3338 787 3392 4.
807 3337 860 3408 γάρ
932 3337 974 3390 br
1029 3341 1072 3390 16.

57 3405 161 3461 διδ-
182 3355 236 3462 18.y
248 3382 414 3480 δεδομὲδιον]
438 3425 491 3463 om.
515 3410 580 3464 Vat
590 3409 664 3463 Mon.
675 3410 770 3463 Ambr
845 3359 904 3462 ρ24.
933 3405 992 3479 ὅτι]
1018 3423 1073 3461 om

58 3479 143 3550 Mon„
162 3477 194 3533 τό
213 3478 232 3534 l
