2356 3818
402 159 441 210 ru
459 160 628 213 nuomms
646 163 750 217 nuru.
1022 167 1089 231 245

71 300 161 365 inter
189 322 224 366 se
253 301 413 366 differunt.
461 304 590 388 spiralis
619 305 706 370 enirn
735 307 915 373 ordinata
942 316 1005 396 est,
1032 313 1089 377 scd

70 407 124 491 iis,
148 407 204 490 qui
229 411 303 473 ante
325 407 556 475 Archimedem
579 411 721 498 fuerunt,
742 413 897 498 parabilis
920 437 987 480 non
1010 423 1088 483 erat.

70 517 170 596 atque
190 535 237 600 ea,
256 536 337 598 quae
356 515 493 580 infinitis
513 518 617 582 modis
633 519 716 584 fiunt
736 524 768 583 et
786 519 979 606 inordinate,
997 545 1089 605 para-

71 619 152 683 bilia
180 624 269 704 sunt,
298 621 326 684 si
354 622 426 705 quis
456 624 733 688 constructionem
762 629 794 689 et
821 626 1087 693 constitutionem

73 746 187 789 eorum
201 726 375 813 excogitet,
392 749 496 811 neque
511 751 589 793 uero
605 731 717 795 eadem
732 731 887 795 ordinata.
925 734 1015 796 uelut
1033 735 1089 797 tri-

71 832 228 916 angulum
243 833 408 896 scalenum
423 836 607 920 excogitare
625 841 658 901 et
673 838 713 900 ad
728 837 1004 903 constructionem
1018 838 1088 904 eius

71 939 227 1002 deducere
251 938 484 1024 cogitationem
508 943 549 1006 ab
574 944 771 1027 aequilatero
792 944 923 1010 difficile
941 967 1008 1009 non
1029 951 1088 1031 est,

72 1045 128 1108 sed
157 1044 253 1109 facile
281 1046 388 1129 parari
416 1052 540 1134 potest,
572 1049 649 1115 licet
683 1051 727 1114 sit
760 1073 799 1115 ex
831 1051 887 1136 iis,
920 1072 1001 1134 quae
1033 1052 1089 1115 in-

71 1152 252 1216 ordinata
276 1156 308 1216 et
330 1152 544 1218 indefinita
569 1161 653 1220 sunt.

139 1258 251 1323 eadem
287 1263 396 1324 autem
433 1262 517 1325 ratio
555 1266 604 1326 est
641 1263 740 1327 etiam
771 1263 857 1329 inter
893 1265 1086 1331 rationale

70 1364 381 1449 irrationaleque
415 1371 448 1430 et
476 1367 697 1433 ordinatum
729 1370 1086 1459 inordinatumque3

70 1497 147 1538 nam
180 1496 254 1538 cum
285 1473 397 1537 multis
429 1475 526 1538 rebus
553 1474 639 1539 inter
667 1497 701 1540 se
733 1481 873 1560 cognata
904 1478 982 1562 sint,
1014 1482 1085 1542 tum

72 1581 225 1644 differunt
253 1603 306 1666 eo,
334 1603 397 1666 quo
428 1580 508 1666 dixi,
536 1582 643 1646 modo.
698 1604 801 1665 neque
830 1581 916 1645 enim
943 1583 1028 1646 inter
1052 1605 1086 1645 se

71 1686 164 1769 paria
187 1691 263 1750 sunt
286 1708 390 1770 neque
414 1687 553 1751 alterum
578 1687 717 1751 alterum
737 1687 972 1771 complectitur.
1010 1708 1086 1751 nam

73 1792 160 1856 linea
178 1796 268 1857 recta
287 1816 325 1857 ex
340 1793 466 1857 duobus
485 1791 673 1856 nominibus
693 1795 726 1854 et
741 1813 823 1875 qnae
837 1797 943 1856 rectae
961 1793 1088 1856 irratio-

72 1899 162 1964 nales
178 1900 225 1964 sic
240 1901 456 1984 deprehensae
473 1901 558 1983 sunt,
573 1898 740 1961 ordinatae
756 1902 840 1981 sunt,
859 1918 963 1980 neque
977 1901 1088 1962 tamen

73 2007 203 2072 eaedem
226 2005 417 2088 rationales,
441 2009 538 2087 atque
558 2003 653 2089 ratic,
676 2026 773 2087 quam
792 2003 892 2066 habet
912 2002 1087 2067 diametrus

71 2116 231 2179 adlatus.
278 2111 382 2174 multa
410 2114 519 2174 autem
543 2109 643 2175 etiam
668 2133 706 2174 ex
729 2108 945 2175 rationalibus
968 2108 1088 2173 inordi-

71 2225 151 2285 nata
175 2221 265 2299 sunt,
293 2216 384 2280 uelut
413 2238 462 2300 ea,
491 2239 573 2301 quae
597 2215 708 2281 multis
732 2215 838 2280 modis
864 2219 897 2279 et
919 2213 1087 2281 indefinite

71 2329 168 2409 fiunt;
200 2323 277 2387 licet
310 2322 396 2387 enim
423 2322 523 2387 etiam
550 2325 716 2389 scalenum
743 2323 945 2409 triangulum
977 2323 1086 2387 metiri

72 2430 240 2517 proposita
262 2433 295 2493 et
313 2429 446 2494 definita
464 2452 615 2496 mensura
632 2430 795 2515 rationali,
819 2451 1016 2513 quamquam
1034 2434 1084 2494 est

71 2538 300 2603 inordinatum.
684 2601 685 2604 ,

138 2644 222 2708 noti
251 2648 360 2708 autem
388 2648 421 2708 ct
443 2644 635 2729 parabilis
665 2643 912 2708 similitudinem
936 2642 1087 2706 omnibus

72 2751 167 2816 facile
191 2753 240 2813 est
268 2749 393 2834 uidere,
421 2750 637 2814 differentiam
660 2748 791 2813 difficile
816 2766 944 2831 capere,
970 2751 1088 2810 natura

72 2858 160 2922 enim
190 2855 276 2918 inter
308 2877 342 2919 se
376 2856 525 2940 proxima
558 2857 646 2937 sunt3
684 2875 780 2938 quam
813 2853 855 2916 ob
887 2872 957 2915 rem
993 2851 1086 2935 paria

74 2984 144 3027 esse
165 2961 326 3026 uidentur.
374 2982 570 3046 quamquam
594 2959 693 3023 etiam
715 2959 751 3022 in
772 2957 853 3042 illis,
880 2957 909 3022 si
937 2958 1009 3042 quis
1035 2961 1087 3024 ad-

72 3072 184 3135 curate
198 3066 461 3151 considerauerit,
480 3066 590 3149 aliqua
605 3063 788 3130 differentia
802 3064 909 3130 inesse
924 3071 1087 3152 cernetur,

72 3196 172 3239 unam
200 3173 286 3237 enim
310 3195 380 3239 esse
403 3172 524 3235 lineam
545 3171 582 3235 in
604 3193 669 3235 uno
692 3175 814 3255 puncto
838 3171 990 3256 spiralem
1013 3193 1087 3238 con·

72 3281 255 3365 tingentem
274 3278 483 3343 manifestum
498 3281 548 3341 est
568 3281 600 3340 ct
613 3281 742 3363 notum,
763 3299 867 3360 neque
886 3281 1086 3342 tamencum

72 3436 156 3507 ἐγγύς
179 3436 243 3490 Vat.
327 3440 369 3489 26.
395 3433 448 3504 ὅτι]
473 3448 561 3501 comp.
581 3432 645 3486 Vat.
725 3438 766 3487 28.
790 3441 872 3487 τοῦτο
896 3431 962 3502 ἤδη]
985 3439 1085 3487 τοῦτον

70 3509 106 3577 δή
125 3508 149 3561 Ρ
164 3508 227 3575 (om.
243 3508 311 3575 acc.)
326 3523 351 3560 v.
