2356 3818
77 157 116 212 VI
474 164 684 218 PRAEFATIO.
795 170 799 176 '

77 312 174 392 atque
203 330 241 372 ex
263 307 321 372 illa
342 308 502 372 librorum
529 308 848 392 manuscriptorum
875 309 1084 374 multitudine

75 415 170 480 facile
200 414 280 479 mihi
307 414 454 499 persuasi
482 415 515 478 in
542 413 657 498 primis
686 437 742 478 sex
764 414 940 498 plurimum
963 416 1083 482 habere

75 521 237 605 ponderis.
283 525 359 586 sunt
384 526 492 586 autem
515 520 562 584 hi:

121 627 203 691 P=
219 629 287 693 cod.
307 628 411 694 Uatio.
436 627 489 692 Gr.
511 596 575 692 196
597 627 762 713 Peyrardi,
784 629 917 693 membr.
942 651 1022 695 saec.
1044 630 1083 715 X,

159 736 286 800 duobus
296 740 448 800 constans
458 734 688 820 uoluminibus,
702 734 740 798 de
751 757 814 818 qno
825 758 856 799 u.
868 736 931 799 uol.
940 735 956 799 l
965 736 1083 820 p.VIII

159 847 192 906 et
215 842 279 906 nol.
299 841 330 907 V
350 866 381 926 p.
400 840 510 905 XXIV
524 863 583 925 sq.;
606 845 735 925 praeter
757 841 941 928 Elementa,
965 843 1083 907 Marini
1102 907 1104 914 ,

159 947 425 1013 commentarium
441 945 519 1035 (uol.
528 947 562 1012 II
571 948 626 1012 fol.
635 945 826 1034 als-249),
840 949 928 1015 Data
937 947 1007 1037 (fol.
1017 951 1083 1017 250

156 1053 273 1140 -281)
288 1055 433 1120 eontinet
447 1055 587 1119 Theonis
605 1054 783 1140 ὑπόμνημα
802 1058 849 1132 εἰς
864 1059 943 1133 τοὺς
955 1062 1083 1144 προχεί-

158 1185 238 1248 ρους
246 1165 389 1237 κανόνας
398 1165 616 1246 Πτολεμαίου.
636 1163 674 1225 de
685 1166 790 1227 aetate
801 1163 970 1248 archetypi
979 1164 1080 1231 totius

158 1268 277 1334 codicis
294 1273 350 1333 aut
366 1268 435 1333 eius
454 1269 570 1353 partis,
591 1291 655 1353 qua
670 1268 810 1334 Theonis
830 1273 1080 1336 commentarius

157 1375 354 1461 continetur,
391 1376 547 1460 singulari
579 1375 774 1440 liberalitate
807 1398 844 1440 ao
878 1377 1079 1462 benignitate

155 1503 206 1545 me
228 1482 356 1546 edoouit
375 1482 579 1546 Hermannus
597 1481 730 1547 Usener.
767 1483 802 1547 in
825 1482 970 1568 margine
994 1483 1078 1548 enim

155 1587 211 1652 fol.
218 1589 300 1653 29811
314 1589 354 1652 ad
364 1588 504 1652 Theonis
515 1589 643 1653 uerba‘'
625 1613 705 1654 οταν
714 1590 732 1655 ὁ
742 1601 809 1654 τῶν
821 1591 1080 1675 τετραετηρίδων

153 1696 311 1780 μερισμὸς
333 1719 435 1781 τριων
458 1694 541 1760 ἐτῶν
564 1700 741 1782 καταλείπῃ
764 1697 815 1761 uir
837 1718 982 1762 summus
1000 1699 1079 1765 haec

154 1801 297 1886 repperit
321 1801 454 1886 scriptta
485 1803 529 1879 ὡς
551 1813 616 1868 νῦν
640 1803 761 1888 συνέβη
786 1803 838 1869 ἐπὶ
861 1786 906 1890 (ε)
877 1814 990 1869 ετοῦ
1013 1812 1079 1890 ροθ

153 1913 397 1991 Διοκλητιανοῦ
412 1907 676 1996 (διοκλιτιανοῦ),
690 1909 861 1974 τουτέστιν
875 1909 927 1974 ἐπὶ
937 1908 1003 1995 (επ)
1018 1919 1078 1972 τοῦ

152 2000 250 2092 δονέ
248 2032 327 2090 τους
336 2012 433 2102 (ioue
447 2012 539 2101 τοὺς)
551 2017 634 2080 κατὰ
645 2014 822 2098 Ἀπάμειαν
832 2012 1007 2101 (ἀπαμταν)
1017 2014 1078 2098 τὴν

152 2119 230 2186 καθ’
247 2121 338 2205 ἡμᾶς.
376 2144 449 2186 oum
473 2126 581 2186 autem
604 2121 776 2206 Apameae,
799 2122 834 2185 in
856 2120 936 2184 urbe
957 2118 1077 2207 Syriae,

152 2227 226 2291 anni
244 2234 491 2293 numerarentur
510 2228 550 2291 ad
564 2250 672 2292 aeram
690 2249 785 2311 quam
804 2231 923 2291 uooant
941 2225 1079 2293 Seleuci-

153 2317 446 2418 darum,effioitur,
473 2334 684 2418 archetypum
707 2331 827 2397 oodieis
850 2331 876 2396 P
900 2338 956 2398 aut
973 2335 1077 2419 partis

151 2440 221 2505 eius
251 2441 435 2506 Theoninae
469 2463 495 2504 a.
523 2441 589 2504 462
621 2462 651 2523 p.
680 2437 769 2524 Chr,
805 2439 861 2523 qui
898 2445 947 2505 est
985 2464 1076 2507 aerae

152 2546 349 2613 Diocletiani
373 2568 476 2611 annus
507 2547 583 2630 179,
614 2545 649 2609 in
677 2546 738 2610 hae
765 2546 844 2610 urbe
877 2547 917 2612 ab
945 2548 1076 2613 homine

151 2677 217 2719 non
239 2655 370 2719 indooto
393 2654 513 2718 lectum
536 2673 614 2716 esse.

68 2761 142 2827 Vat.
155 2793 195 2815 =
212 2762 279 2826 cod.
298 2759 402 2825 Uatio.
423 2758 477 2823 Gr.
496 2759 570 2840 204,
594 2759 727 2823 membr.
748 2781 828 2824 saee.
848 2759 887 2843 X,
911 2758 1001 2824 ouius
1025 2761 1077 2824 de-

152 2863 1075 2951 seriptIonemdediNeueJahrb.f.Philol.1886p.183sq.

152 2975 239 3039 Data
251 2973 351 3036 habet
366 2970 420 3034 fol.
435 2971 624 3057 lusu-194,
638 2972 801 3037 Marinum
810 2973 866 3036 fol.
879 2973 1076 3038 1952-197‘.

151 3079 312 3165 permulta
329 3081 474 3142 correcta
492 3081 568 3141 sunt
582 3102 681 3144 manu
695 3102 776 3145 saeo.
790 3078 852 3144 XV
871 3077 960 3167 (Vat.
975 3104 1016 3145 m.
1032 3077 1077 3166 2),

153 3186 244 3250 ouius
263 3183 456 3268 scripturam
469 3184 600 3267 plenam
617 3186 654 3250 in
666 3187 905 3272 prolegomenis
925 3187 1076 3251 adferam.

119 3315 139 3357 v
155 3322 196 3345 =
211 3291 280 3356 eod.
294 3288 399 3355 Uatia.
415 3289 470 3355 Gr.
487 3293 580 3377 1038,
600 3294 732 3357 membr.
748 3315 829 3358 saeo.
843 3291 930 3379 XIII,
953 3293 991 3357 de
1012 3314 1075 3375 quo

153 3421 182 3462 u.
200 3397 264 3462 nol.
279 3395 310 3461 V
327 3420 356 3482 p.
372 3395 458 3481 Vsq.
491 3398 578 3462 Data
595 3399 695 3463 habet
712 3399 766 3463 fol.
786 3399 974 3464 nur-129
999 3399 1076 3461 dua-

152 3505 212 3569 bus
223 3504 373 3570 manibus
384 3527 407 3569 s.
415 3503 477 3569 XV
485 3510 638 3589 correcta,
650 3504 811 3569 Marinum
820 3504 875 3569 fol.
886 3505 1075 3569 113-11411.
