2356 3818
606 364 649 423 γ.

188 482 264 549 Ἐὰν
292 481 452 568 δεδομένα
479 482 603 568 μεγέθη
631 482 800 548 ὁποσαοῦν
826 489 987 568 συντεθῇ,
1018 480 1075 547 καὶ
1101 485 1141 552 τὸ

124 590 157 670 ἐξ
180 590 291 656 αὐτῶν
314 593 528 675 συγκείμενον
552 587 733 673 δεδομένον
756 591 854 654 ἔσται.

191 699 379 781 συγκείσθω
403 696 466 780 γὰρ
490 694 659 760 ὁποσαοῦν
676 694 837 780 δεδομένα
855 693 979 780 μεγέθη
998 696 1039 760 τὰ
1057 698 1139 782 AB,

88 815 105 862 5
124 807 206 869 ΒΓ·
239 802 338 887 λέγω,
366 803 417 868 ὅτι
443 800 499 866 καὶ
526 803 563 866 τὸ
587 799 712 866 ἐκτῶν
734 806 815 885 AB,
834 805 901 867 ΒΓ
919 804 1141 887 συγκείμενον

123 913 161 976 τὸ
184 913 255 975 ΑΓ
273 905 453 992 δεδομένον
475 905 574 972 ἐστίν.
849 916 854 926 ’

193 1013 262 1082 ἐπεὶ
280 1016 344 1100 γὰρ
363 1011 495 1078 δέδοται
514 1015 551 1078 τὸ
565 1018 643 1098 AB,
667 1015 812 1080 δυνατόν
836 1014 925 1080 ἐστιν
948 1014 1038 1102 αὐτῷ
1062 1021 1141 1081 ἴσον

126 1125 341 1209 πορίσασθαι.
378 1121 571 1207 πεπορίσθω
589 1117 646 1185 καὶ
664 1123 745 1186 ἕστοο
764 1123 802 1187 τὸ
820 1125 895 1186 ΔΕ.
932 1120 1044 1205 πάλιν,
1067 1119 1140 1188 ἐπεὶ

127 1224 260 1294 δέδοται
282 1229 318 1292 τὸ
336 1229 410 1311 ΒΓ,
434 1225 578 1291 δυνατόν
602 1225 692 1292 ἐστιν
715 1227 804 1315 αὐτῷ
829 1233 902 1293 ίσου
922 1229 1139 1313 πορίσασθαι.

72 1345 108 1394 10
125 1335 320 1418 πεπορίσθω
348 1329 404 1396 καὶ
431 1334 512 1397 ἔστω
540 1333 577 1397 τὸ
599 1336 673 1398 ΕΖ.
719 1330 788 1398 ἐπεὶ
816 1329 877 1399 οὖν
906 1340 979 1398 ἴσον
1007 1332 1077 1399 ἐστὶ
1101 1336 1138 1400 τὸ

126 1438 187 1526 μέν
209 1444 275 1504 AB
299 1448 345 1528 τῷ
363 1443 441 1523 ΛΕ,
464 1438 501 1503 τὸ
525 1434 562 1502 δὲ
580 1441 648 1503 ΒΓ
665 1448 710 1527 τῷ
729 1443 803 1523 ΕΖ,
827 1441 905 1506 ὅλου
928 1442 992 1527 ἄρα
1014 1443 1052 1506 τὸ
1072 1443 1144 1506 ΑΓ

127 1548 194 1634 ὅλῳ
213 1554 259 1634 τῷ
277 1552 310 1610 Δ
316 1549 344 1610 Ζ
363 1543 453 1610 ἐστιν
472 1549 560 1636 ἴσον·
584 1543 715 1610 δέδοται
735 1547 799 1632 ίίρα
817 1547 854 1612 τὸ
872 1553 906 1611 Α
911 1550 956 1611 Γ·
981 1553 1057 1612 ἴσον
1074 1548 1139 1633 γὰρ

126 1653 216 1741 αὐτῷ
238 1654 433 1743 πεπόρισται
455 1651 492 1715 τὸ
515 1656 549 1715 Λ
555 1655 591 1716 Ζ.
1124 1648 1129 1655 '

607 1859 652 1928 δ’.

73 2019 109 2068 15
193 2005 269 2072 Ἐὰν
298 2005 362 2071 ἀπὸ
392 2004 572 2089 δεδομένου
602 2003 764 2088 μεγέθους
792 2005 971 2091 δεδομένον
996 2005 1140 2092 μέγεθος

129 2112 313 2196 ἀφαιρεθῇ,
336 2111 373 2176 τὸ
397 2111 515 2175 λοιπὸν
538 2109 717 2194 δεδομένον
740 2115 839 2178 ἐσται.

195 2217 260 2282 ἀπὸ
288 2216 351 2301 γὰρ
378 2213 560 2299 δεδομένον
587 2214 750 2300 μεγέθους
776 2227 837 2283 τοῦ
863 2223 929 2284 AB
956 2220 1140 2305 δεδομένον

127 2322 270 2409 μέγεθος
288 2322 475 2409 ἀφῃρήσθω
495 2323 532 2386 τὸ
546 2327 579 2386 Α
585 2325 629 2386 Γ·
649 2321 743 2406 λέγω,
763 2324 868 2390 ὅτιτὸ
887 2325 1004 2390 λοιπὸν
1023 2327 1061 2392 τὸ
1078 2330 1139 2393 ΓΒ

127 2428 308 2514 δεδομένον
331 2429 430 2494 ἐστίν.

74 2550 109 2600 20
195 2534 263 2602 ἐπεὶ
286 2537 350 2622 γὰρ
373 2534 505 2601 δέδοται
525 2535 562 2599 τὸ
581 2537 658 2618 AB,
681 2535 827 2600 δυνατόν
845 2534 934 2601 ἐστιν
954 2537 1043 2626 αὐτῷ
1065 2545 1140 2607 ἴσον

126 2647 341 2730 πορίσασθαι.
375 2644 570 2727 πεπορίσθα
588 2639 645 2705 καὶ
664 2643 746 2706 ἔστα
765 2642 801 2706 τὸ
820 2647 853 2705 Δ
860 2647 897 2707 Ζ.
932 2643 1044 2728 πάλιν,
1070 2644 1141 2733 ἐπεὶ

128 2748 262 2815 δέδοται
284 2750 321 2815 τὸ
339 2751 415 2832 ΑΓ,
439 2747 585 2812 δυνατόν
608 2745 698 2812 ἐστιν
722 2747 810 2834 αὐτῷ
830 2753 904 2813 ίσον
921 2752 1140 2835 πορίσασθαι.

127 2859 323 2942 πεπορίσθω
350 2851 406 2919 καί
432 2857 514 2919 ἔστα
542 2854 580 2918 τὸ
603 2857 680 2917 ΛΕ.
726 2851 795 2917 ἐπεὶ
818 2850 880 2920 οὖν
903 2860 986 2921 ἴσον,
1003 2854 1075 2922 ἐστὶ
1103 2859 1141 2924 τὸ

128 2958 190 3046 μὲν
212 2965 280 3026 ΑΒ
304 2969 349 3047 τῷ
372 2965 453 3044 ΔΖ,
480 2961 517 3025 τὸ
541 2954 578 3024 δέ
601 2962 672 3024 ΛΓ
690 2968 735 3047 τῷ
758 2964 839 3043 ΔΕ,
867 2962 985 3027 λοιπὸν
1011 2963 1078 3049 θρα
1103 2965 1141 3030 τὸ

201 3230 225 3279 3.
247 3223 334 3294 ἔσται]
353 3223 417 3278 add.
431 3240 468 3278 m.
484 3228 499 3276 2
513 3222 578 3278 Vat.
642 3228 667 3277 4.
687 3220 825 3291 δεδομένα
845 3223 987 3278 ὁποσαοῦν
1005 3240 1030 3280 ο.
1094 3225 1143 3301 τοί]

129 3296 161 3350 τό
181 3313 205 3350 a.
272 3300 295 3349 5.
316 3291 364 3349 καί
383 3326 416 3334 -
436 3295 503 3365 ΒΓ]
522 3310 575 3348 om.
591 3310 616 3349 ο.
671 3295 738 3365 τῶν]
757 3301 806 3348 τοῦ
825 3293 888 3349 Vat.
954 3301 996 3351 10.
1016 3295 1093 3353 ἐστιν
1111 3299 1141 3355 Ρ.

167 3372 209 3420 12.
230 3364 290 3421 ίσον
310 3363 383 3421 ἐστίν
403 3382 427 3421 a.
501 3369 542 3418 13.
561 3362 592 3418 τό
623 3369 661 3436 τῷ
680 3382 704 3419 a.
783 3369 823 3419 17.
843 3365 904 3436 τοῦ]
923 3374 979 3420 τῶν
998 3382 1023 3423 a.
1099 3375 1142 3425 νο.

129 3435 257 3508 δέδοται]
276 3454 337 3492 ποτε
356 3454 381 3492 a.
468 3440 510 3492 24.
534 3441 560 3489 Δ
567 3439 588 3490 Ζ
616 3451 692 3490 -οοπ,
713 3451 746 3489 ex
765 3441 787 3489 A
794 3439 816 3489 Z
832 3453 868 3491 m.
890 3436 989 3493 2Vat.
1072 3440 1143 3512 ΔΕ]

118 3511 181 3562 AE
192 3525 217 3562 κ,
1108 3544 1111 3549 -
